3906 6390
224 364 377 427 vreinsertat
398 369 425 425 in
439 368 539 425 luctum
557 367 680 441 gaudium
694 382 781 422 meum
796 383 849 438 quo
863 367 937 421 soleo
958 381 1022 436 gau·

239 458 304 516 dere
315 460 349 515 de
362 459 446 525 vobis,
459 465 487 514 et
506 459 575 513 inter
593 467 665 512 tanta
681 456 806 513 scandala
819 456 914 526 guribus
928 456 1024 527 ubique

239 552 354 607 abundat
375 550 418 605 bic
439 549 553 605 mundus
572 547 714 619 aliquando
732 546 883 613 consolari,
906 546 1024 617 eogtum

238 645 371 714 copiosam
384 639 632 713 congregationem,
653 648 681 695 et
692 649 791 694 castam
804 637 983 702 ditectionem,
996 645 1024 692 et

238 743 357 790 uticum
375 734 602 789 conversationem
619 739 748 796 vestram,
770 739 798 785 et
809 729 948 800 largiorem
960 743 1021 799 gra-

239 824 301 879 tiam
318 823 379 890 oet,
392 837 453 894 quae
464 821 525 877 data
536 831 578 877 est
589 820 678 886 vobis,
698 828 725 875 ut
738 835 790 874 nou
805 818 891 874 solnm
904 819 1023 873 carnales

237 914 342 983 nuptias
351 910 566 977 cointemneretis,
578 925 669 965 verum
680 908 759 965 etiarn
766 908 897 979 eligeretis
911 908 936 963 in
944 907 1024 962 domo

237 1001 391 1056 societatem
414 1000 552 1056 unanimes
572 997 724 1066 babitandi,
746 1007 776 1054 ut
795 998 830 1054 sit
849 997 923 1053 vobis
936 997 1023 1052 attium

237 1107 290 1148 una
303 1100 332 1147 et
345 1106 393 1146 eor
406 1106 486 1146 unum
500 1091 526 1145 in
542 1091 635 1146 Deum.

272 1182 300 1236 b.
316 1181 380 1236 llaec
392 1181 417 1235 in
435 1180 511 1235 vobis
523 1179 611 1247 bona,
626 1179 682 1234 bae
695 1178 740 1234 Dei
759 1178 828 1234 dona
840 1178 1021 1246 considerans,

237 1271 307 1327 inter
320 1270 415 1326 multas
430 1278 601 1340 tempestates
613 1269 708 1340 quibus
720 1283 752 1324 ex
765 1269 824 1322 aliis
845 1268 921 1322 malis
934 1268 1022 1337 quati·

240 1369 284 1415 tur
303 1374 350 1414 eor
362 1374 461 1426 meum,
472 1359 540 1414 solet
549 1367 692 1427 utrumqne
705 1359 881 1427 requiescere.
898 1357 1021 1411 Curreba-

238 1446 270 1501 tis
279 1447 338 1502 bene
345 1462 356 1512 ,·
368 1448 423 1512 puis
433 1463 476 1502 uos
491 1448 640 1519 fascinavit?
655 1446 747 1501 Suasio
758 1447 804 1500 ilio
817 1463 868 1501 iton
878 1456 913 1501 est
926 1463 958 1501 ea
969 1445 1021 1500 beo

238 1541 278 1611 gui
288 1538 382 1594 socrat
392 1554 434 1593 vos
453 1535 550 1611 (Galat.
568 1550 596 1604 v,
607 1536 645 1609 i).
663 1535 792 1589 Modicum
805 1538 920 1607 [mittenti
932 1535 1020 1609 (lCor.

238 1644 269 1695 v,
283 1627 312 1700 6)
329 1647 336 1683 :
351 1629 412 1683 nolu
426 1627 515 1684 dicere
533 1625 604 1696 quod
623 1627 758 1694 aequitum
785 1625 834 1681 boo
853 1627 924 1682 enirn
938 1628 1021 1699 magis

237 1723 329 1793 cupio,
344 1730 370 1776 et
384 1737 447 1787 oro,
464 1730 490 1776 et
505 1721 614 1786 bortur,
637 1731 664 1776 ut
679 1721 763 1791 ipsum
782 1722 938 1777 fermentum
954 1738 1020 1777 con·

238 1820 355 1866 vertatur
377 1813 402 1868 iu
418 1811 531 1876 melius,
548 1826 582 1866 ne
601 1819 656 1866 tota
673 1826 777 1880 massa,
799 1812 865 1868 sicut
881 1827 948 1881 pene
966 1811 1021 1881 jam

237 1897 351 1965 lecerat,
373 1907 541 1954 convertatur
560 1898 586 1953 in
608 1899 691 1969 pejus.
719 1899 747 1954 st
761 1915 824 1971 ergo
846 1901 1021 1970 repullulastis

236 2002 328 2042 sarnum
350 2002 463 2057 sapere,
485 1998 559 2043 orate
574 2003 606 2044 ne
621 1989 724 2044 intretis
738 1990 764 2044 in
778 1990 967 2056 tentationem,
987 2007 1021 2048 ne

236 2077 331 2134 lterum
350 2078 376 2133 in
395 2079 593 2146 contentiones,
615 2078 810 2147 aemulationes,
830 2080 1020 2151 animositates,

237 2165 429 2235 dissensiones,
442 2166 629 2235 detractiones,
644 2168 801 2235 seditiones,
815 2171 1019 2228 susurrationes.

238 2257 296 2314 llon
309 2258 380 2314 enim
392 2259 431 2313 sic
441 2258 618 2331 plantavimus
630 2268 657 2315 et
667 2259 809 2330 rigavimus
820 2258 926 2316 bortum
937 2262 1021 2318 domi-

237 2350 325 2405 nicum
340 2350 366 2404 in
379 2350 470 2417 vobis,
484 2360 513 2405 ut
526 2351 615 2421 spinas
628 2361 757 2408 metamus
771 2352 834 2408 istas
846 2368 879 2409 ea
893 2354 976 2409 vobis.
992 2355 1022 2412 Si

235 2448 322 2513 autem
336 2439 422 2495 adbuc
434 2449 520 2497 vestra
541 2444 712 2497 tumultuatur
728 2442 882 2512 infirmitas,
905 2453 980 2500 orate
993 2455 1021 2501 ut

236 2533 365 2586 eruamini
380 2532 414 2588 de
431 2533 585 2592 tentatione.
612 2535 676 2602 Quae
689 2544 776 2591 autem
791 2537 949 2592 conturbant
960 2552 1019 2605 vos,

236 2622 259 2676 si
275 2621 362 2677 adbuc
377 2623 612 2692 conturbantvos,
627 2625 677 2680 nisi
692 2625 857 2681 correxerint
868 2641 907 2692 se,
929 2638 1019 2697 porta-

235 2711 301 2767 bunt
312 2712 450 2781 judicium,
466 2727 637 2783 utracumque
649 2713 702 2768 illae
715 2713 819 2769 luerint.

270 2801 298 2856 d.
312 2803 431 2872 Cogitate
448 2802 511 2873 qttid
525 2803 587 2857 mali
606 2804 656 2871 sit,
676 2812 707 2859 ut
719 2818 779 2859 cum
793 2805 826 2860 de
838 2807 981 2863 Donatistis
993 2808 1021 2871 in,

237 2892 338 2946 tttdtate
352 2890 530 2961 gaudeamus,
546 2892 649 2948 interna
665 2893 806 2948 schismata
820 2895 846 2948 in
860 2897 1020 2953 monasterio

235 2981 384 3053 lugeamus.
406 2982 579 3039 Perseverate
600 2985 626 3039 iu
649 2984 719 3040 bono
742 2987 896 3056 proposito,
920 2997 947 3044 et
966 3005 1019 3044 nnn

235 3068 420 3126 desiderabitis
434 3080 537 3127 mutare
550 3074 736 3143 praepositam,
752 3090 804 3145 gua
819 3076 845 3130 in
857 3079 1019 3134 monasterio

235 3157 281 3214 iilo
299 3174 347 3230 per
362 3169 413 3214 um
436 3159 535 3215 multos
557 3175 642 3218 annos
661 3174 847 3233 perseverante
860 3174 888 3221 et
907 3182 1018 3222 nurnero

235 3255 264 3303 et
281 3257 359 3305 aetate
379 3249 518 3316 crevistis3
545 3265 604 3320 quae
617 3266 670 3311 ¹vos
693 3260 777 3307 mater
789 3269 843 3310 nou
862 3264 956 3324 utero,
971 3257 1018 3312 sed

235 3339 325 3395 attinio
338 3340 464 3409 suscepit.
487 3339 586 3396 Omnes
605 3342 675 3397 euim
689 3358 748 3414 guae
762 3344 825 3400 illue
841 3346 965 3410 venistis,
981 3346 1018 3401 ibi

234 3444 293 3484 eam
313 3438 358 3486 aut
374 3437 473 3485 sancte
493 3431 641 3501 praeposita
656 3435 740 3489 sorori
760 3446 828 3490 moze
847 3435 1016 3503 servientem,

236 3519 399 3589 placentem,
424 3528 470 3574 aut
492 3521 572 3576 etiam
593 3522 677 3591 ipsam
700 3523 868 3593 praepositam
891 3540 950 3596 gua
970 3540 1018 3580 voa

234 3608 365 3679 suscepit,
382 3608 518 3667 invenistis
534 3612 602 3666 :sub
620 3612 665 3667 illa
681 3614 745 3668 estis
762 3615 891 3680 eruditas,
912 3617 962 3673 sub
974 3617 1018 3673 illa

235 3698 347 3767 velatae,
368 3699 420 3755 sub
440 3700 486 3755 illa
501 3700 698 3770 multiplicatam
721 3705 798 3759 etsie
811 3707 1016 3776 tumultuamini,

235 3795 265 3841 ut
277 3801 308 3842 ea
328 3787 402 3843 vobis
416 3796 551 3856 mutetur,
566 3804 626 3844 eum
644 3789 736 3860 lugere
754 3791 904 3859 deberetis,
922 3795 946 3850 si
959 3812 1017 3852 eam

235 3879 310 3936 vobis
329 3888 431 3935 mutare
451 3880 589 3936 vellemus.
613 3879 670 3950 ipsa
684 3891 726 3938 est
737 3885 807 3938 enim
823 3899 902 3956 guam
924 3891 1016 3957 nostis,

235 3971 292 4040 ipsa
303 3979 344 4024 est
356 3970 475 4039 adquam
486 3971 604 4034 venistis,
620 3972 677 4041 ipsa
689 3983 730 4028 est
741 3988 818 4043 gnam
831 3990 879 4045 per
889 3985 927 4032 tot
935 3993 1018 4036 annos

237 4058 359 4114 babendo
371 4059 501 4114 crevistis.
524 4059 625 4114 llovum
639 4075 691 4115 non
705 4062 865 4132 accepistis,
885 4066 935 4121 nisi
947 4083 1017 4137 prae-

236 4149 350 4220 positum
367 4165 374 4202 ι
389 4158 435 4203 aut
449 4149 471 4203 si
486 4157 594 4219 propter
608 4149 680 4205 illum
695 4153 811 4221 quaeritis
823 4156 976 4224 novitatem,
991 4169 1018 4215 et

234 4239 261 4293 iu
275 4239 334 4309 ejus
353 4237 477 4295 iuvidiam
491 4250 582 4297 eontra
594 4248 706 4296 matrem
722 4252 837 4300 vestram
849 4247 889 4303 sic
906 4250 1018 4307 rebella·

232 4329 292 4396 stis,
307 4343 354 4385 cur
364 4344 416 4384 noti
425 4329 513 4398 potius
525 4329 551 4387 td
562 4329 673 4400 petistis,
687 4341 717 4388 ut
728 4333 784 4403 ipse
797 4336 871 4393 vobis
883 4344 1017 4398 mutetur?

233 4419 264 4476 Sl
276 4428 364 4476 autent
375 4419 427 4476 boc
440 4420 604 4486 esborrctis3
619 4423 679 4493 quia
694 4425 756 4480 novi
770 4431 903 4496 quomodo
916 4446 977 4486 eum
990 4435 1015 4487 iu

234 4508 341 4563 cbristo
364 4508 549 4566 venerabiliter
561 4509 686 4582 diligatis,
701 4528 748 4569 cur
762 4531 814 4570 non
828 4518 915 4586 potius
926 4520 1016 4577 illam?

233 4597 262 4657 in
286 4600 361 4655 vobis
386 4615 499 4671 namque
521 4601 643 4673 regendis
661 4603 701 4658 sic
719 4607 851 4675 prepositi
867 4609 1015 4668 rudimenta

234 4689 386 4756 vertuntur,
408 4697 438 4744 ut
457 4690 542 4761 magis
563 4691 626 4747 velit
648 4708 695 4748 vos
715 4693 772 4763 ipse
782 4695 915 4765 deserere,
936 4716 1014 4770 quam

232 4780 311 4835 istam
322 4796 354 4834 ea
369 4779 444 4836 vobis
459 4780 555 4836 buram
568 4789 596 4838 et
605 4782 729 4838 iuvidiam
742 4787 889 4855 sustinere,
903 4802 933 4846 ut
943 4791 1016 4848 diea-
1053 4848 1057 4854 ,

151 4888 156 4895 ·
232 4879 275 4926 tur
288 4886 342 4927 unu
357 4887 403 4927 vos
414 4873 493 4927 aliam
506 4874 663 4943 quaesituras
673 4875 753 4932 fuisse
766 4882 943 4950 praepositam,
964 4887 1013 4943 nisi

231 4960 316 5030 ipsum
324 4961 471 5032 coepissetis
481 4961 581 5019 babere
591 4966 769 5035 propositum.
782 4968 1014 5046 Tranquilletergo
1043 5010 1047 5019 ·

232 5049 301 5105 tteus
315 5060 342 5105 et
353 5059 495 5120 componat
505 5053 608 5108 animos
618 5063 737 5122 vestros;
753 5074 805 5114 ιιοιι
817 5060 843 5114 in
859 5063 934 5118 vobis
946 5081 1014 5134 prae-

231 5139 317 5196 valeat
330 5154 397 5210 opua
408 5140 515 5208 diaboli,
528 5142 575 5198 sed
590 5159 640 5212 pas
650 5144 841 5205 Cbristivineat
852 5152 877 5206 in
889 5155 1014 5212 coelibus

232 5231 327 5285 vestris
343 5248 350 5283 z
364 5245 412 5285 neo
434 5230 526 5288 dolore
539 5233 636 5304 animi,
659 5238 784 5306 quianon
799 5241 826 5296 tn
839 5244 909 5313 qrtod
921 5246 1011 5314 vultis,

231 5319 274 5375 vel
287 5320 347 5390 qttia
360 5319 440 5392 pudet
454 5320 567 5378 voluisse
578 5324 647 5394 guod
661 5327 729 5384 velle
739 5345 790 5384 nttn
801 5332 938 5401 debuistis,
952 5351 1013 5391 cru-

234 5408 366 5466 bescendo
392 5412 505 5468 curratis
530 5412 557 5467 in
582 5424 715 5483 utor-tem
742 5421 789 5477 sed
814 5425 900 5493 potius
924 5428 1010 5495 puerti-

230 5501 310 5555 teudo
337 5503 477 5559 restituatis
498 5504 641 5574 virtutem,
665 5525 713 5566 nce
739 5512 857 5570 babeatis
880 5519 1010 5588 poeuiten-

872 250 901 309 S.
920 251 1101 309 auoustutt
1121 253 1272 312 EPISCOPl

1079 363 1141 419 tiam
1154 364 1229 422 luda
1243 367 1395 436 traditoris,
1418 369 1466 426 sed
1480 370 1569 440 pitius
1582 371 1723 444 lacrymas
1738 372 1814 428 Petri
1829 387 1875 444 pa·

1076 454 1166 508 oloris.

1111 544 1138 600 5.
1158 544 1221 600 llaec
1233 555 1295 600 sunt
1308 562 1368 615 guae
1380 555 1409 602 ut
1420 547 1567 606 observetis
1580 552 1759 623 precipimus
1774 554 1803 607 in
1817 570 1876 610 mo-

1076 635 1193 690 nasterio
1210 636 1371 693 corastitutae.
1393 639 1510 694 l'rimum
1533 643 1741 713 propterquod
1763 646 1833 700 estis
1850 651 1875 700 in

1077 740 1157 780 unum
1170 737 1353 798 congregate,
1367 737 1396 784 ut
1408 731 1545 786 unanimes
1556 731 1686 789 habitetis
1701 734 1729 789 iu
1742 735 1839 802 domo,
1850 748 1877 792 et

1075 815 1110 871 sit
1119 817 1193 873 vobis
1207 832 1253 872 cor
1266 833 1347 873 ttuum
1360 827 1388 874 et
1399 818 1487 876 anima
1500 837 1553 876 uua
1565 823 1593 878 iu
1603 823 1671 879 Deo.
1685 824 1723 879 Et
1734 841 1792 880 uon
1805 827 1874 882 dies-

1076 903 1217 975 tisaliquid
1227 908 1374 977 proprium,
1388 907 1435 964 sed
1446 909 1500 964 sint
1510 909 1587 966 vobis
1597 913 1692 968 omnia
1702 919 1873 972 eommunia:

1074 1001 1103 1048 et
1117 993 1291 1050 distribuatur
1304 997 1443 1068 unicuique
1456 1006 1573 1054 vestrum
1587 1014 1602 1054 a
1619 1003 1773 1072 praeposita
1787 1013 1873 1060 restra

1075 1084 1159 1140 rietus
1170 1095 1197 1141 et
1216 1095 1411 1157 tegumentum3
1425 1103 1478 1143 non
1492 1090 1630 1160 acqualiter
1643 1093 1797 1160 omuibus,
1814 1096 1872 1165 guia

1074 1187 1127 1228 non
1137 1175 1273 1243 aqualiter
1287 1175 1379 1230 valetis
1391 1191 1494 1242 omnes,
1508 1176 1555 1233 sed
1566 1178 1713 1250 unicuique
1724 1181 1800 1237 sicut
1808 1197 1872 1254 optts

1073 1261 1162 1317 luerit.
1177 1262 1220 1318 Sic
1232 1264 1302 1319 enim
1316 1265 1400 1335 legitis
1414 1265 1441 1321 in
1455 1266 1564 1323 Actibus
1576 1268 1788 1340 Apostolorum,
1803 1273 1869 1339 Quis

1073 1361 1144 1407 nont
1161 1354 1196 1407 eis
1217 1356 1301 1408 omnia
1320 1357 1479 1424 conrnsoaiu,
1501 1367 1527 1431 ct
1542 1358 1747 1415 distribuebatur
1764 1364 1869 1434 singuiis

1075 1453 1151 1509 prout
1165 1446 1253 1515 cuique
1265 1462 1328 1517 opus
1340 1458 1394 1501 crot
1408 1447 1476 1519 (Act.
1488 1465 1529 1517 tv,
1543 1449 1578 1507 32
1589 1490 1597 1517 ,
1609 1451 1669 1524 35).
1690 1453 1762 1520 Quae
1775 1456 1871 1526 aliquid

1073 1533 1206 1590 babebant
1222 1536 1248 1591 in
1261 1538 1375 1603 seculo,
1390 1539 1495 1609 quando
1507 1540 1634 1611 ingressae
1650 1553 1716 1598 sunt
1738 1556 1873 1602 mottaste-

1075 1627 1154 1693 riunn,
1172 1628 1284 1683 libenter
1295 1630 1450 1686 velintillud
1463 1646 1522 1687 esse
1533 1646 1686 1689 mmmuue.
1703 1633 1777 1701 Quae
1785 1646 1873 1692 autem

1073 1732 1125 1774 non
1136 1718 1277 1785 habebant,
1289 1736 1341 1774 non
1351 1735 1383 1776 ea
1392 1729 1511 1792 quaerant
1520 1722 1547 1776 iu
1558 1725 1813 1794 monasteriaque
1825 1743 1874 1782 nee

1073 1805 1137 1864 luris
1152 1810 1249 1865 babere
1263 1818 1404 1880 potuerunt
1417 1829 1424 1865 :
1439 1810 1486 1867 sed
1500 1819 1587 1867 amen
1600 1827 1697 1869 earum
1719 1814 1874 1872 infirmitati

1071 1900 1142 1970 quod
1157 1915 1223 1972 opus
1242 1910 1283 1955 est
1301 1901 1447 1969 tribuatur,
1471 1903 1573 1958 etiamsi
1595 1905 1748 1973 pauperies
1770 1921 1873 1972 earum,

1072 1990 1177 2060 mando
1190 1991 1253 2046 ioris
1265 1998 1355 2055 erant,
1367 2006 1416 2048 nec
1429 1993 1485 2062 ipsa
1500 1994 1651 2049 timearis
1670 2004 1788 2064 poterat
1800 1997 1877 2052 inve·

1073 2079 1146 2146 uire;
1167 2095 1280 2135 acnttuc
1300 2097 1352 2135 nun
1368 2080 1428 2136 ideo
1450 2091 1540 2151 putent
1558 2096 1663 2140 seesse
1677 2081 1793 2152 felices,
1814 2088 1877 2156 quia

1075 2171 1235 2227 invenerunt
1249 2172 1345 2226 victum
1358 2179 1386 2226 et
1400 2179 1596 2242 tegumentum,
1618 2172 1702 2242 quale
1715 2173 1790 2231 ioris
1804 2176 1881 2234 inve-

1072 2262 1131 2316 nire
1143 2276 1195 2316 non
1209 2269 1361 2332 potuerunt.

1107 2351 1134 2407 6.
1151 2351 1206 2407 Nee
1218 2352 1322 2421 erigant
1335 2349 1465 2407 cervicem
1472 2351 1534 2422 quia
1543 2351 1681 2407 sociatntur
1693 2353 1751 2420 eis,
1763 2353 1799 2409 ad
1812 2370 1882 2426 qivas

1072 2441 1271 2497 iorisaoeederc
1281 2455 1332 2496 non
1346 2441 1492 2507 audebunt;
1506 2439 1666 2496 sedsursutn
1680 2457 1736 2497 cur
1747 2443 1879 2510 babeant,

1071 2542 1099 2589 ct
1111 2542 1215 2589 terrena
1226 2535 1294 2589 bona
1305 2548 1357 2587 non
1369 2541 1498 2603 querant,
1513 2548 1547 2587 ne
1559 2531 1692 2602 incipiant
1707 2538 1883 2592 monasteria

1071 2637 1132 2677 esse
1145 2621 1270 2676 divitibus
1291 2622 1384 2687 utilia,
1404 2634 1456 2674 non
1470 2620 1643 2690 pauperibus,
1659 2621 1685 2675 si
1701 2621 1808 2679 divites
1828 2625 1884 2681 illic

1071 2713 1260 2778 bumiliantur‚
1282 2721 1311 2769 et
1328 2727 1456 2783 pauperes
1475 2711 1529 2767 illie
1541 2710 1680 2766 indantur.
1706 2713 1767 2769 Sed
1784 2731 1882 2770 rursus

1070 2802 1150 2858 ctiam
1174 2803 1302 2872 ittaque.
1324 2801 1423 2871 aliquid
1443 2815 1503 2856 csse
1520 2799 1683 2857 videbantur
1709 2802 1740 2858 in
1763 2806 1881 2871 sacaria,

1070 2908 1123 2948 non
1143 2892 1257 2946 ltabeant
1270 2891 1373 2946 fastidio
1387 2905 1493 2947 sorores
1504 2905 1576 2957 suas,
1590 2906 1653 2960 quar
1664 2891 1704 2946 ad
1720 2892 1800 2947 illam
1813 2909 1878 2949 sau·

1070 2991 1139 3036 ctam
1154 2980 1307 3035 societatem
1319 2994 1352 3034 ex
1367 2989 1521 3050 paupertate
1538 2989 1674 3035 venerunt
1692 2997 1701 3034 τ
1719 2985 1814 3051 magis
1826 2998 1876 3039 au·

1070 3081 1124 3129 leut
1138 3072 1262 3127 studeant
1273 3088 1326 3125 nou
1340 3071 1374 3125 de
1388 3079 1526 3142 parentum
1535 3071 1647 3127 divitum
1659 3071 1816 3142 dignitate,
1828 3076 1877 3131 ard

1068 3164 1103 3219 de
1119 3178 1265 3234 pauperum
1284 3176 1405 3217 summm
1423 3163 1550 3219 societate
1566 3163 1689 3233 gloriari.
1709 3165 1770 3222 Nec
1791 3168 1877 3222 extol-

1069 3253 1169 3321 lantur,
1184 3253 1206 3307 sl
1219 3253 1354 3307 communi
1370 3252 1430 3307 vitae
1448 3252 1481 3308 de
1500 3251 1555 3307 suis
1567 3251 1746 3309 facultatibus
1771 3256 1874 3327 aliquid

1068 3343 1254 3408 contulemnt3
1280 3356 1315 3396 ne
1333 3341 1367 3397 de
1385 3342 1441 3398 suis
1464 3340 1563 3396 divitiis
1584 3341 1673 3410 magis
1696 3344 1871 3412 superbiant,

1068 3433 1130 3504 qvia
1140 3432 1356 3488 easmonasterio
1371 3431 1530 3501 partiuntur,
1543 3444 1623 3501 quam
1636 3431 1660 3485 si
1674 3432 1718 3487 eis
1731 3433 1762 3487 iu
1771 3436 1872 3489 meula

1068 3520 1231 3577 fruerentur.
1243 3521 1301 3576 Alia
1311 3521 1407 3592 quippe
1418 3535 1591 3590 quecumque
1604 3519 1736 3591 iniquitas
1750 3523 1781 3578 in
1795 3524 1871 3578 malis

1069 3611 1194 3682 operibus
1204 3619 1345 3666 exercetur
1354 3620 1382 3665 ut
1390 3609 1469 3675 llant;
1483 3609 1606 3679 superbia
1616 3624 1684 3665 vero
1692 3611 1782 3666 etiam
1794 3613 1870 3668 bonis

1068 3699 1193 3772 operibus
1205 3699 1379 3755 insidiaturus
1389 3707 1498 3769 pereant
1507 3707 1552 3753 :et
1561 3697 1623 3767 quid
1635 3697 1755 3768 prodest
1765 3701 1868 3771 disper.

1068 3806 1133 3863 gere
1145 3789 1233 3846 dando
1252 3788 1409 3860 pauperibus
1424 3797 1452 3844 et
1463 3803 1606 3859 pauperem
1627 3787 1710 3854 lieri,
1735 3791 1761 3844 si
1779 3792 1866 3845 anina

1069 3884 1165 3938 ntisora
1176 3882 1315 3954 superbior
1324 3880 1454 3938 eiiiciatur
1464 3879 1669 3946 contemnendo,
1683 3896 1771 3951 quam
1781 3881 1868 3937 lucrat

1069 3973 1247 4046 possidendo?
1268 3973 1367 4028 Omnes
1387 3986 1450 4044 ergo
1469 3972 1628 4028 unanimiter
1647 3980 1675 4026 et
1690 3973 1866 4029 concorditer

1068 4066 1164 4133 vivite;
1184 4074 1212 4121 et
1232 4063 1359 4120 bonorate
1376 4065 1403 4119 in
1426 4063 1501 4119 vobis
1519 4063 1631 4118 invicem
1654 4062 1864 4136 licunt,cu1'us

1070 4154 1167 4225 templa
1183 4155 1258 4210 luctae
1270 4155 1343 4208 estis.

1103 4247 1130 4300 i.
1143 4246 1312 4302 Orationibus
1331 4246 1427 4301 instate
1443 4244 1517 4300 boris
1532 4252 1560 4299 et
1578 4243 1748 4313 temporibus
1761 4245 1862 4301 consti·

1069 4339 1142 4394 ttttis.
1157 4337 1186 4393 ln
1199 4338 1317 4393 oratorio
1330 4352 1409 4392 nenio
1419 4335 1517 4407 aliquid
1531 4344 1606 4405 agat,
1622 4334 1674 4389 nisi
1684 4335 1720 4390 ad
1735 4337 1811 4407 guod
1821 4345 1862 4390 est

1067 4427 1181 4494 iactum,
1205 4427 1314 4484 undeet
1328 4441 1424 4481 nomen
1438 4424 1556 4495 accepit;
1580 4430 1609 4479 ut
1625 4425 1649 4479 si
1665 4424 1768 4495 aliquae
1780 4428 1860 4482 etiam

1067 4525 1164 4589 prater
1178 4519 1256 4573 boras
1263 4518 1430 4584 constitutas,
1443 4518 1465 4572 si
1472 4517 1511 4571 eis
1520 4524 1605 4581 vacat,
1616 4529 1696 4571 orare
1712 4519 1860 4583 voluerint,

1067 4624 1120 4664 non
1130 4609 1169 4664 eis
1180 4607 1233 4664 siut
1243 4607 1440 4677 impedimento,
1452 4621 1511 4676 quae
1520 4605 1555 4661 ibi
1566 4604 1663 4673 aliquid
1672 4619 1759 4676 agere
1768 4607 1862 4663 volue-

1066 4700 1128 4756 rint.
1143 4699 1255 4754 Psalmis
1264 4706 1292 4752 et
1303 4697 1408 4768 bgtnnis
1420 4711 1480 4751 cum
1492 4697 1574 4752 oratis
1585 4697 1684 4763 boum,
1700 4697 1756 4754 boc
1769 4715 1860 4757 verse-

1066 4799 1108 4845 tur
1122 4789 1148 4844 in
1163 4787 1244 4843 corde
1260 4786 1331 4856 quod
1351 4785 1482 4855 protertur
1503 4786 1530 4841 iu
1543 4800 1608 4840 voce
1622 4802 1630 4839 a
1646 4793 1674 4841 et
1692 4788 1781 4844 nolite
1795 4804 1860 4847 esn-

1066 4887 1133 4944 tare,
1147 4877 1198 4932 nisi
1208 4875 1278 4947 guod
1291 4875 1377 4949 legitis
1391 4876 1401 4907 ¹
1413 4889 1474 4930 esse
1486 4874 1664 4941 cantandum3
1677 4879 1754 4946 qntod
1766 4883 1857 4936 autera

1065 4986 1118 5025 non
1133 4969 1169 5023 ita
1180 4969 1305 5037 seriptum
1317 4975 1359 5022 est
1370 4975 1398 5023 ut
1407 4975 1543 5033 cantetur,
1557 4981 1610 5022 non
1622 4976 1760 5026 cantetur.

1098 5060 1125 5116 8.
1140 5058 1252 5115 Carnem
1272 5068 1384 5113 vestram
1404 5058 1510 5113 dontate
1527 5057 1634 5127 jejuniis
1646 5067 1675 5115 et
1692 5061 1859 5120 abstinentia

1064 5164 1131 5205 esee
1143 5160 1171 5203 et
1184 5157 1270 5218 potus,
1286 5156 1412 5217 quantum
1433 5147 1555 5203 valetudo
1576 5149 1718 5217 perurittit.
1744 5153 1874 5219 Quaado·

1063 5248 1151 5293 antem
1171 5239 1256 5308 aliqua
1275 5253 1328 5292 non
1341 5246 1430 5307 potest
1445 5236 1574 5308 jejunare,
1590 5253 1644 5294 non
1662 5248 1756 5299 tanna
1780 5254 1856 5300 extra

1063 5328 1154 5382 boram
1169 5329 1270 5397 prandii
1282 5327 1380 5398 aliquid
1394 5328 1578 5383 alimentorum
1598 5339 1697 5396 sumat,
1722 5334 1775 5388 nisi
1795 5351 1856 5391 cunt

1062 5427 1183 5490 agrotnt.
1196 5419 1262 5473 Cum
1272 5419 1397 5474 acceditis
1409 5418 1442 5473 ad
1452 5432 1580 5481 mensam,
1590 5418 1676 5476 donec
1689 5421 1855 5497 indesutga·

1064 5510 1107 5575 tis,
1117 5509 1186 5577 quand
1202 5509 1275 5563 vobis
1286 5507 1429 5563 secundum
1443 5508 1661 5564 consuetudinem
1677 5511 1788 5583 legitur,
1800 5518 1856 5572 sine

1096 5619 1104 5650 ¹
1117 5616 1209 5680 aliquot
1220 5624 1283 5678 ttss,
1296 5617 1392 5681 legistis.
