3906 6390
269 231 334 290 ttttt

243 388 247 411 ,
267 353 324 414 post
334 344 486 401 ”testatem
496 343 616 414 juratur:
635 341 675 398 oei
685 343 719 397 ad
730 342 812 412 ipsum
825 346 986 412 uocationem,
999 362 1057 415 mres

244 433 530 505 penanrnnnpnn.
551 418 971 489 neminemneminer
992 452 1055 506 opn-

264 523 392 580 scnlorum
403 532 427 577 et
445 523 570 590 otiorum,
581 536 638 593 qnae
654 523 767 593 persequi
785 522 889 594 lanqum
902 533 953 592 en,
969 542 995 580 u
1008 527 1055 581 ne.

264 624 405 671 munsltm
417 623 548 671 testentur.

300 707 328 764 8.
354 705 525 763 Poenuloruns
546 714 631 761 autern
652 722 755 761 censam
776 705 811 760 ad
833 708 975 778 eeenrplurn
998 724 1055 762 ma-

262 798 351 870 iorum
377 813 428 853 non
451 796 582 869 patiuntur
604 794 691 863 afferri
716 811 820 869 :quom
845 804 869 850 et
893 805 963 850 tanen
987 796 1056 852 San-

264 890 374 945 ctitatem
386 887 473 943 dicunt
487 896 589 942 eatenm
601 887 757 959 attiqisse,ut
768 887 889 940 incertum
903 902 956 940 esse
969 886 1055 940 uolne-

264 981 312 1050 ris,
324 997 355 1036 us
368 981 451 1053 potius
462 978 495 1034 de
507 994 594 1034 eorum
613 978 691 1049 poenis
708 977 826 1033 malueris
845 977 964 1032 dubitari.
982 975 1056 1044 Quod
1083 994 1085 998 ⁴

244 1123 246 1127 ,
263 1071 291 1126 in
304 1070 368 1127 libro
386 1072 459 1126 tertio
472 1071 504 1126 de
518 1068 607 1124 Libero
621 1069 731 1124 Arbitrio
744 1070 780 1123 ito
797 1069 904 1139 positum
922 1069 1056 1123 meministi

264 1161 322 1234 (lib.
335 1163 369 1229 5,
382 1178 406 1216 e.
423 1160 489 1231 25),
504 1168 532 1215 ut
553 1159 618 1213 banc
644 1160 679 1213 eis
701 1160 855 1214 occasionem
882 1159 989 1229 patuerit
1010 1175 1055 1212 ce-

264 1251 357 1310 nter.
373 1250 429 1307 ttoe
439 1251 515 1306 etiam
528 1250 560 1304 de
569 1249 678 1303 aliorum
688 1247 758 1303 libris
767 1264 872 1313 quorum
884 1249 956 1302 estin
968 1246 1056 1304 Eccle-

247 1400 250 1405 ,
264 1344 304 1400 sia
322 1343 477 1408 auctoritas,
492 1341 587 1412 iaciant
600 1340 667 1410 quod
679 1340 795 1411 perspicit
810 1338 938 1396 Sanctitas
950 1348 993 1393 tua
1005 1356 1055 1394 non

265 1450 356 1505 perum
378 1450 450 1505 porte
463 1435 556 1505 iurare
577 1432 787 1497 contradictores,
808 1433 858 1487 nisi
876 1433 991 1503 majora,
1012 1441 1055 1486 ent

265 1527 381 1580 certesei
394 1525 468 1596 parin
483 1528 670 1594 proteruntura
687 1523 758 1577 nolis
777 1539 786 1576 :
802 1540 853 1578 non
870 1524 936 1578 enim
955 1524 1055 1594 iqnorat
1071 1548 1079 1571 n

265 1616 460 1686 prudentissima
472 1616 552 1685 pietas
564 1624 607 1668 tue
623 1623 716 1684 quomo
730 1614 815 1684 plures
827 1614 876 1669 sint
888 1614 916 1668 in
929 1612 1053 1679 Ecclesia,

247 1705 309 1778 ,qni
329 1705 476 1759 nuetoritate
496 1704 624 1758 nominum
642 1705 669 1758 in
687 1704 809 1758 sententia
823 1711 969 1772 teneantur,
984 1711 1055 1757 aute

264 1795 387 1850 sententia
400 1798 592 1865 transferantur.
608 1793 648 1848 dd
660 1809 797 1856 sumrnom,
812 1794 924 1864 satiqatis
940 1793 1055 1848 omnibus

263 1885 345 1949 nabis,
356 1884 390 1938 ad
401 1885 429 1940 id
440 1885 580 1953 prosecutio
592 1899 689 1948 eorum,
700 1882 738 1937 nel
750 1883 833 1954 potius
843 1883 942 1953 querele
953 1898 1055 1937 conner-

264 1977 341 2041 titur,
357 1973 564 2029 consentientibus
578 1973 651 2027 etiam
672 1972 711 2026 leis
731 1971 775 2043 qai
798 1972 863 2025 itanc
883 1971 1054 2040 definitionem

263 2066 407 2137 improbare
418 2081 467 2119 non
480 2064 585 2132 audent,
598 2072 625 2117 ut
635 2063 719 2117 dicant
730 2077 740 2116 .·
751 2062 819 2127 Quid
828 2078 892 2133 opus
902 2062 950 2130 luit
962 2063 1053 2134 bajun-

263 2155 362 2209 semodi
387 2153 563 2225 disputationis
583 2151 676 2206 incerto
699 2160 735 2205 tot
759 2151 842 2206 minus
864 2152 1054 2223 intelliqentism

262 2244 342 2298 eorda
354 2244 468 2298 turbari?
484 2240 570 2312 Neque
581 2241 648 2296 enim
662 2241 744 2296 ndrrus
756 2243 848 2296 utiliter
861 2242 915 2296 sine
928 2243 976 2295 isac
990 2242 1054 2311 aefi-

263 2336 372 2401 nitione,
387 2335 477 2401 aiom,
491 2342 527 2388 tot
539 2334 612 2388 annis
624 2349 640 2386 a
653 2343 689 2387 tat
701 2332 895 2399 tractatoribus,
911 2341 946 2386 tot
961 2347 1054 2401 proece-

263 2425 378 2481 dentibus
391 2426 461 2481 libris
474 2434 496 2479 et
509 2425 558 2478 tuis
570 2424 725 2488 stadiorum,
741 2439 797 2477 curn
810 2432 897 2477 cotnra
911 2424 984 2489 alios,
1001 2433 1053 2476 tum

263 2517 373 2570 snaeince
398 2526 485 2569 contra
511 2512 681 2584 Pelnqincros,
703 2513 852 2568 catlrolicam
876 2512 953 2581 fidem
978 2514 1054 2582 luisse

263 2608 402 2679 defensam.

299 2699 326 2753 9.
349 2697 429 2764 nnc,
442 2697 477 2750 mi
491 2704 577 2767 peter,
591 2695 676 2750 etalio
690 2693 904 2750 interminabiliter
920 2694 1009 2764 pinne,
1026 2703 1054 2747 ut

263 2804 362 2843 summa
377 2803 432 2841 cnon
449 2796 505 2840 nota
519 2787 655 2854 confitear,
671 2801 716 2857 per
731 2801 771 2839 nne
783 2785 879 2855 deterre
892 2783 1053 2849 maluissem·

265 2881 321 2945 rel,
342 2880 404 2948 quic
423 2880 469 2931 lcoc
490 2892 540 2930 non
555 2877 652 2941 nterui,
677 2877 765 2929 soltem
788 2875 923 2944 prolixiore
944 2884 1054 2942 tempore

264 2969 349 3025 omnia
362 2970 451 3039 quibus
465 2976 611 3032 innoventur,
627 2966 731 3019 collecta
744 2965 851 3035 diriqere
869 2978 878 3017 :
892 2973 919 3017 nt
933 2963 1054 3033 quidquid

264 3061 296 3117 de
308 3062 356 3114 leae
368 3076 396 3115 re
408 3059 604 3125 contradicitur,
620 3066 742 3127 quatenus
758 3055 855 3124 rotelli,
870 3053 909 3108 rel
921 3055 942 3108 si
962 3055 989 3107 io
1001 3070 1051 3109 non

263 3162 360 3223 potest,
374 3152 476 3206 tolerari
488 3150 602 3217 deberet,
617 3151 740 3203 audirem.
755 3149 808 3204 Sed
820 3148 879 3218 quie
894 3156 1008 3201 neutrum
1021 3164 1053 3203 ee

262 3251 318 3297 noto
339 3243 467 3313 prouenit,
486 3240 564 3294 malni
583 3240 708 3311 monendo
725 3239 795 3309 potui
809 3239 862 3292 lcoec
874 3239 1053 3307 comprelrensn

263 3334 386 3405 diripere,
407 3350 481 3399 quam
500 3331 598 3403 penins
612 3333 644 3385 de
657 3341 726 3385 tento
739 3331 905 3401 qnsorumdem
922 3330 1052 3384 contradi·

261 3426 344 3478 ctione
363 3426 475 3478 reticere.
500 3424 566 3479 Snnt
587 3437 620 3477 ee
640 3430 711 3489 porte
731 3420 794 3475 tales
812 3434 939 3490 personae,
954 3427 982 3471 nt
1000 3419 1050 3486 lis,

262 3518 440 3572 consuetudine
454 3517 637 3583 ecclesiastica,
657 3516 734 3569 laicos
753 3531 877 3569 sunsmam
890 3515 1051 3568 reverentiam
1081 3556 1082 3561 κ

248 3624 361 3663 necesse
374 3611 406 3662 rit
419 3609 543 3663 celtibere.
569 3607 643 3674 Quod
663 3605 765 3671 quidem
785 3606 820 3659 ita
840 3607 980 3659 cnraoimus
1000 3604 1051 3659 Deo

260 3699 362 3770 insonte
374 3713 488 3762 mnne,
499 3697 542 3763 ια,
558 3713 614 3751 cum
629 3712 692 3765 opns
707 3696 765 3765 luit,
781 3712 833 3750 non
845 3705 982 3750 taceremus
995 3712 1052 3766 quse

260 3789 296 3842 ad
308 3789 454 3860 questionis
464 3789 539 3858 liujus
551 3788 713 3842 assertionem
724 3787 846 3856 exiquitas
858 3796 1000 3840 nostrarum
1012 3787 1050 3840 oi-

261 3881 328 3933 rium
342 3879 498 3949 anqecebat.
515 3877 569 3932 Sed
584 3893 650 3930 nnnc
663 3877 824 3940 strennnetim,
844 3884 965 3946 qnantum
981 3876 1052 3946 lesti-

240 3980 249 3991 ·
261 3970 335 4021 nntie
342 3968 473 4036 perlatoris
484 3967 594 4031 admisit,
605 3967 658 4019 baec
668 3965 734 4019 aelnt
743 3967 921 4018 commonendo
929 3968 1049 4035 suqqessi.

262 4055 429 4111 Trnesanctoe
442 4055 582 4127 prudentiae
594 4061 629 4108 est
642 4054 764 4123 dispicere
777 4053 838 4123 qnid
850 4056 920 4123 [ecto
930 4068 994 4124 opns
1007 4055 1049 4122 sit,

249 4156 292 4220 ‘nt
306 4146 394 4200 talinm
407 4155 429 4199 et
445 4154 572 4198 tantorum
585 4152 716 4213 snperetur
727 4143 766 4196 uel
778 4151 925 4211 temperetur
937 4144 1048 4198 intentio.

263 4238 312 4293 (ini
329 4254 374 4310 epa
390 4238 446 4308 jorn
461 4251 551 4308 parurn
563 4235 679 4307 prodesse
691 4236 804 4290 esistimo
818 4245 842 4290 te
857 4236 959 4290 reddere
971 4238 1049 4291 retio-

262 4343 333 4391 nem,
349 4326 400 4380 taisi
410 4334 433 4379 et
444 4323 555 4379 addatur
566 4325 701 4379 auctoritas
718 4341 793 4395 qnam
810 4326 951 4397 transqredi
964 4328 1051 4398 infmi-

263 4416 382 4486 qnbiliter
391 4415 543 4468 contentioso
556 4417 633 4469 corda
647 4415 815 4484 nonpossint.
832 4415 976 4484 Sed‘plnne
986 4416 1050 4469 illud

245 4513 345 4559 eccere
356 4520 407 4558 non
420 4502 506 4570 debeo,
520 4503 588 4573 quod
598 4520 625 4558 se
638 4505 723 4558 dicant
734 4511 803 4558 tuem
816 4504 990 4573 Sanctitatem,
1003 4508 1050 4561 troc

264 4605 383 4659 encauto,
397 4596 423 4649 in
435 4595 509 4668 {netis
521 4605 544 4650 st
557 4596 631 4650 dictis
642 4596 755 4650 onmibns
766 4596 897 4649 adcrsirari.
913 4595 994 4650 Yunm
1004 4598 1051 4650 erit

246 4686 398 4740 decernere
412 4685 536 4755 quomodo
553 4687 585 4741 sit
598 4687 625 4740 in
637 4685 685 4739 boc
701 4702 788 4739 eornm
803 4685 968 4739 contradictio
986 4685 1050 4740 tole-

263 4793 354 4832 mnoe
369 4774 424 4830 Nec
433 4777 530 4831 mireris
541 4776 608 4849 quod
618 4776 691 4830 aliter
703 4776 741 4830 nel
752 4776 837 4846 aliqum
848 4776 874 4829 in
887 4776 933 4829 leae
946 4777 1051 4846 epistole

263 4868 368 4932 addidi,
383 4878 505 4940 quarttnm
516 4876 593 4938 puto,
609 4882 665 4936 quae
678 4868 704 4920 in
716 4868 843 4936 superiore
856 4883 906 4920 non
919 4867 1050 4932 dixeram,·

262 4960 372 5016 tulisset
385 4961 449 5014 enim
462 4975 528 5012 timec
537 4962 623 5012 'mrum
637 4957 759 5026 definitio,
776 4966 866 5027 praeter
879 4956 924 5010 illu
940 4972 995 5026 qnae
1006 4973 1051 5027 per

262 5051 447 5122 festinationem
459 5056 503 5101 aut
514 5047 661 5101 oblivionem
674 5048 780 5116 fortasse
794 5045 912 5115 preterii.

299 5142 343 5198 te
357 5140 454 5203 Libros,
471 5155 531 5193 cnm
540 5137 601 5192 editi
615 5138 718 5207 inerunt,
733 5143 794 5204 qnos
805 5136 836 5188 de
848 5138 963 5190 uniuerso
976 5153 1063 5215 opere·

263 5240 309 5286 tuo
321 5229 418 5285 moliris
432 5227 488 5301 (a),
508 5242 591 5297 pcoeso
611 5226 701 5279 trabere
719 5241 875 5289 cremeamnm
895 5227 1003 5280 ncnmrne
1023 5237 1050 5281 ut

232 5360 235 5365 ·
263 5337 308 5392 per
321 5336 408 5377 curum
421 5319 604 5381 auctoritatem,
618 5317 639 5369 si
653 5332 702 5386 qno
715 5316 759 5368 tibi
773 5316 798 5369 in
811 5315 859 5369 tnis
876 5316 1017 5386 displicent,
1034 5335 1049 5370 e

264 5413 386 5483 diqnitetc
400 5414 437 5466 tui
450 5410 558 5464 notccinis
566 5424 622 5477 pam
634 5424 684 5462 non
698 5407 789 5477 trepidi
802 5417 990 5477 sequestremus.
1006 5407 1050 5460 Li-

265 5505 336 5557 brum
349 5502 425 5557 etiem
439 5502 472 5556 de
485 5499 573 5554 Gratia
585 5507 609 5553 et
624 5498 713 5552 libero
725 5499 833 5552 Arbitrio
848 5515 896 5553 non
912 5499 1048 5565 ltabenmn;

296 5616 332 5679 (a)
343 5616 543 5665 nstructetiomno
550 5612 625 5665 libros
634 5609 756 5674 intediqtt.
768 5629 773 5636 ·

848 242 855 257 ·
877 233 907 290 S.
926 234 1107 294 necusttn't
1128 238 1276 299 EPlSCssPl

1864 253 1917 310 ttn

1109 358 1221 418 superest
1231 361 1257 404 nt
1267 366 1334 415 cnm,
1349 352 1408 423 quio
1420 353 1510 414 miens
1524 359 1680 429 morsi
1692 363 1864 434 consputis-ss,
1876 382 1915 419 uc-

1108 453 1210 492 rcemnr
1222 442 1344 511 occipere.
1360 441 1428 500 iloto
1441 455 1529 502 eutem
1549 447 1703 507 Sanctitas
1722 461 1772 507 tna
1785 455 1824 510 sie
1836 473 1872 511 ιι
1884 471 1915 509 a·

1109 526 1214 582 litretnr
1229 532 1282 586 troec
1294 532 1418 603 scrilere,
1438 538 1515 607 quasi
1534 538 1571 594 de
1586 540 1627 595 iis
1642 557 1709 612 qtae
1720 559 1796 601 nunc
1815 548 1914 616 eddisi,

1109 633 1154 689 eqo
1170 618 1289 676 dubitem.
1305 623 1420 694 Sufficiat
1430 627 1494 682 milet
1506 645 1590 701 poena
1603 649 1690 700 rneu,
1702 638 1782 707 qued
1794 654 1812 691 e
1824 656 1913 709 prun·

1108 707 1151 763 tiae
1170 711 1326 788 tundeliciis
1339 716 1484 785 exsulatus,
1501 720 1549 775 sbi
1568 723 1739 782 salubribus
1753 729 1810 782 tuis
1821 731 1915 789 maen

1107 798 1246 867 nutriebar,
1260 817 1310 856 non
1322 804 1406 859 solnm
1418 807 1534 863 absentia
1546 817 1599 865 tua
1613 815 1742 883 crncicr,
1758 832 1847 873 mern
1857 823 1913 879 dns

1108 889 1246 958 pervicacia
1266 896 1446 962 quorumdam,
1467 900 1512 969 qul
1530 916 1589 956 nors
1610 911 1728 959 tanturn
1748 909 1907 978 ηιικὶίωτιη

1107 987 1213 1047 spuunt,
1228 980 1274 1036 sed
1286 981 1361 1036 etiem
1372 1000 1422 1039 mn
1431 986 1563 1043 intellecto
1575 991 1914 1063 reprehendentium

1106 1065 1155 1121 laec
1165 1071 1310 1139 saspnnne
1321 1073 1347 1128 in
1362 1082 1458 1130 tantun
1469 1092 1568 1147 cereo,
1584 1090 1623 1135 ut
1640 1085 1742 1154 potius
1759 1087 1914 1156 inemun-

1107 1173 1203 1222 mmm,
1222 1176 1272 1227 qua
1285 1163 1347 1217 tales
1368 1181 1457 1235 perum
1471 1169 1608 1238 patienter
1625 1175 1712 1244 fero,
1731 1180 1870 1235 notabile·
1877 1198 1914 1252 ps·

1107 1254 1167 1300 tene
1185 1247 1298 1314 Qualiter
1314 1261 1398 1307 autem
1415 1255 1450 1308 ad
1468 1257 1526 1312 trac
1539 1264 1754 1320 consulendum
1767 1268 1881 1339 judicer,
1896 1286 1916 1326 u

1107 1336 1171 1405 dici,
1186 1348 1236 1396 tuoe
1246 1343 1377 1413 sapientie
1394 1345 1554 1420 derelinque.
1574 1351 1658 1408 Nam
1677 1357 1720 1410 ud
1735 1375 1781 1414 rne
1796 1363 1844 1415 lter
1854 1366 1915 1432 pai·

1107 1444 1165 1483 nere
1180 1431 1286 1498 credidi,
1306 1450 1352 1504 pro
1365 1451 1394 1489 ea
1405 1453 1481 1506 mens
1495 1437 1608 1498 Gloriato
1623 1445 1669 1498 uel
1684 1447 1739 1500 tibi
1753 1448 1833 1505 debeo
1845 1456 1914 1506 clari-

1107 1527 1166 1586 tate,
1182 1529 1210 1575 ut
1222 1537 1279 1592 quen
1291 1523 1318 1577 in
1328 1528 1488 1594 questionem
1501 1531 1628 1602 rement,
1643 1550 1704 1590 non
1716 1545 1841 1594 mecm.
1851 1540 1916 1606 onn-

1105 1611 1167 1683 quid
1191 1627 1239 1683 pro
1264 1630 1294 1669 ee
1315 1617 1398 1685 qratia
1421 1635 1498 1690 quom
1519 1622 1546 1676 in
1571 1633 1601 1679 te
1626 1629 1729 1696 pusilli
1752 1647 1816 1688 cunr
1834 1636 1916 1704 mens

1106 1702 1247 1768 rnirmnnr,
1260 1705 1368 1760 uolneris
1380 1718 1423 1762 aut
1435 1710 1565 1778 valueris,
1582 1718 1752 1786 qratissirne
1763 1722 1915 1793 accipient,

1106 1798 1226 1861 tanquam
1238 1809 1255 1846 a
1271 1794 1344 1849 nobis
1361 1797 1510 1854 clarissima
1522 1810 1548 1855 et
1566 1808 1808 1864 reverendissimo
1820 1815 1915 1866 suotm·

1107 1888 1158 1934 tute
1167 1880 1303 1937 decretum.
1321 1884 1392 1940 Snne
1409 1888 1489 1958 quia,
1507 1902 1622 1962 unqente
1634 1897 1797 1968 perlatore,
1816 1903 1882 1955 tinui
1892 1919 1915 1955 nr

1107 1972 1144 2025 uel
1154 1988 1204 2025 non
1216 1975 1310 2041 omnia,
1325 1977 1363 2030 sel
1374 1977 1427 2031 lsoec
1438 1979 1495 2050 ipss
1506 1982 1598 2037 ndnus
1612 1984 1713 2055 diqne,
1729 1991 1850 2045 conscius
1860 2009 1916 2045 net·

1106 2077 1163 2115 rum
1176 2063 1281 2131 uirium,
1296 2081 1394 2135 possem
1403 2067 1528 2140 diripere:
1540 2073 1587 2143 eqi
1602 2090 1670 2130 curn
1684 2078 1760 2146 niro,
1784 2089 1839 2134 nus
1850 2082 1915 2135 non-

1107 2151 1151 2205 lus
1161 2160 1213 2205 tnrn
1226 2153 1324 2218 eloquio
1337 2165 1361 2209 et
1373 2155 1456 2212 studia
1465 2160 1546 2226 clero,
1560 2171 1594 2215 ut
1603 2175 1717 2233 anaruta
1727 2179 1819 2238 pascet
1827 2171 1915 2224 collecta

1105 2241 1159 2294 snis
1173 2240 1261 2297 litteris
1271 2243 1396 2299 intimaret
1410 2245 1449 2318 (a)
1465 2264 1548 2318 :quas
1561 2254 1736 2323 conjunctas
1749 2258 1793 2315 leis
1805 2259 1916 2314 &siner

1106 2333 1201 2385 curaui.
1218 2331 1265 2387 list
1277 2336 1342 2389 enim
1355 2336 1413 2391 talis
1422 2338 1479 2408 qui,
1492 2340 1571 2394 etiem
1582 2353 1692 2412 praeter
1704 2347 1781 2402 bane
1794 2351 1916 2405 necesdtu·

1106 2429 1171 2489 tem,
1188 2422 1279 2493 diqnus
1292 2433 1342 2479 tue
1363 2425 1510 2483 Sanctitatis
1524 2432 1623 2487 notitias
1636 2435 1801 2505 iudicetur.
1818 2439 1918 2496 Smne

1106 2507 1226 2565 Leontius
1246 2514 1368 2569 diaconus
1388 2518 1471 2572 cultor
1489 2529 1571 2584 tuus,
1594 2538 1660 2578 cene
1687 2529 1760 2584 nceic
1784 2531 1917 2598 purentilns

1108 2601 1213 2656 urultam
1231 2612 1254 2656 te
1273 2604 1376 2659 salutat.
1397 2605 1535 2663 Memorem
1558 2612 1614 2666 rnei
1634 2613 1842 2674 Paternitatern
1859 2631 1917 2674 tm

1107 2687 1233 2745 Dominus
1244 2690 1358 2748 Christus
1376 2693 1495 2751 Ecclesiae
1511 2715 1567 2754 suoe
1586 2708 1673 2758 annts
1688 2707 1816 2776 pluribus
1834 2713 1917 2764 deusne

1107 2779 1238 2850 diqnetnr,
1251 2782 1352 2840 domine
1365 2796 1444 2854 puter.
1458 2788 1492 2842 Et
1505 2789 1575 2846 inira
1590 2809 1598 2845 :
1616 2793 1701 2849 Sciat
1718 2798 1857 2856 Sanctitas
1866 2812 1915 2868 tus,

1106 2871 1211 2942 [mtrem
1238 2891 1336 2941 memn,
1357 2879 1430 2946 cnjus
1450 2881 1560 2935 musione
1596 2900 1688 2942 mersa
1717 2891 1785 2945 lsinc
1810 2893 1916 2949 discessi·

1106 2977 1177 3028 mns‚
1201 2980 1257 3017 sunt
1274 2975 1388 3021 metrone
1410 2985 1458 3022 sus
1478 2986 1510 3025 ee
1530 2987 1665 3030 consensu
1692 2987 1841 3053 perfectam
1865 2983 1912 3040 lleo

1106 3052 1284 3106 continentium
1312 3054 1446 3111 devovisse.
1481 3058 1555 3114 Unde
1585 3079 1723 3136 roqamus
1753 3071 1914 3127 Sanctitate·

1106 3150 1186 3205 tunm,
1202 3152 1228 3195 nt
1241 3159 1314 3198 ocore
1325 3146 1435 3216 diqneris
1449 3163 1498 3218 qno
1516 3149 1565 3203 lroc
1577 3151 1676 3224 ipsum
1695 3157 1728 3212 in
1744 3160 1785 3215 eis
1797 3160 1913 3218 Decrius

1105 3232 1256 3301 corepirncare
1264 3242 1289 3289 et
1299 3235 1425 3291 custodire
1435 3237 1560 3309 diqnctnr.

1295 3363 1459 3422 eetswnn
1478 3367 1619 3427 CCXXVH
1637 3382 1646 3398 ⁹
1664 3377 1719 3447 lb).

1105 3469 1260 3540 nuqustinns
1271 3472 1363 3544 Alypio
1375 3477 1439 3543 reni,
1453 3478 1484 3532 de
1497 3476 1646 3538 Gabiniano
1658 3503 1756 3543 recens
1770 3491 1909 3562 baptisate,

1123 3568 1145 3610 et
1155 3557 1187 3612 de
1198 3558 1320 3615 Dioscoro
1330 3563 1457 3619 miraculis
1467 3582 1586 3622 coccoerso
1600 3571 1638 3624 ad
1650 3573 1893 3636 Christianismum.

1306 3672 1488 3742 nucnsnnos,
1502 3677 1604 3736 Ansere
1618 3683 1696 3739 seni.

1140 3779 1234 3835 Frater
1248 3780 1346 3837 Penius
1359 3783 1402 3840 hie
1415 3794 1456 3840 est
1470 3786 1622 3858 inootnmis,
1639 3805 1777 3864 apportas
1791 3802 1905 3870 negocio-

1104 3885 1163 3925 curn
1181 3886 1291 3927 snorum
1311 3876 1553 3945 secundicerium
1574 3887 1721 3951 prnstslsit
1738 3893 1869 3947 Domitius
1880 3903 1903 3946 nt

1104 3968 1184 4018 etiem
1199 3964 1263 4032 ipsae
1278 3965 1376 4019 ultime
1389 3966 1452 4021 sint.
1468 3967 1578 4023 Multum
1592 3986 1644 4027 noe
1657 3976 1786 4044 salutm,
1802 3990 1831 4037 ct
1848 3996 1901 4036 uar-

1104 4061 1145 4107 rnt
1155 4054 1250 4122 gaudie
1261 4053 1296 4109 de
1310 4054 1457 4111 Gabiniano
1468 4058 1491 4124 ¹,
1505 4059 1576 4128 qnod
1589 4062 1624 4116 ets
1635 4063 1685 4120 itte
1699 4081 1753 4122 sua
1767 4084 1848 4125 censs
1857 4070 1899 4125 nti

1104 4144 1248 4200 sericordie
1260 4146 1307 4201 Dei
1319 4147 1464 4216 liberatus,
1480 4164 1533 4205 non
1546 4152 1635 4207 sotum
1650 4156 1842 4227 christianus,
1856 4159 1897 4216 ted

1103 4234 1182 4287 etiem
1204 4234 1289 4290 tidelis
1303 4235 1339 4291 sit
1358 4237 1434 4292 uelde
1454 4239 1559 4323 bonus,
1582 4256 1631 4311 per
1652 4245 1763 4303 Pascha
1786 4252 1897 4321 prasino

1103 4323 1269 4392 baptizatus,
1293 4327 1321 4380 in
1343 4327 1424 4383 corde
1443 4338 1524 4398 etque
1543 4329 1570 4384 in
1590 4345 1639 4387 oce
1661 4335 1772 4394 natm
1791 4344 1895 4410 grsttsm

1103 4427 1182 4483 quem
1207 4414 1333 4484 percepit.
1358 4416 1490 4482 Quantum
1512 4434 1573 4475 enm
1597 4420 1770 4492 desiderem,
1796 4428 1894 4498 qnnsdo

1103 4503 1263 4572 explicabo?
1287 4504 1335 4560 sed
1361 4508 1430 4562 nosti
1454 4515 1484 4563 ut
1507 4524 1567 4564 eum
1587 4510 1710 4583 diligam.
1739 4518 1893 4574 Archiater'

1103 4592 1183 4648 etiem
1197 4594 1338 4651 dioscorus
1351 4596 1510 4654 christianus
1523 4599 1609 4656 tidelis
1621 4613 1677 4670 est,
1691 4607 1776 4662 sisnsst
1788 4609 1892 4680 qnt'nm

1104 4694 1284 4752 consecutns;
1315 4687 1377 4742 endi
1408 4689 1488 4743 etiem
1518 4692 1750 4761 quemadmodum
1779 4715 1786 4753 :
1814 4713 1893 4768 neque

1104 4774 1175 4828 enim
1193 4776 1324 4831 cervicula
1344 4777 1446 4853 ilieqnol
1463 4779 1569 4850 linque,
1586 4783 1645 4838 'nisi
1666 4785 1760 4857 alique
1778 4789 1893 4860 prodiqio

1104 4863 1267 4939 domaretur.
1293 4867 1359 4922 Fitin
1382 4870 1440 4938 ejus
1462 4871 1489 4925 in
1514 4888 1565 4941 que
1588 4874 1667 4928 unies
1689 4881 1892 4948 auqssiesoelut.

1103 4954 1263 5023 egrotabat,
1280 4965 1308 5010 et
1323 4959 1452 5027 usquead
1468 4968 1548 5015 totam
1562 4960 1785 5034 desperationem
1805 4968 1894 5024 santis

1136 5104 1567 5170 ¹s1ss.c0rb.eteenn„canndann.
1675 5094 1677 5098 ⁴

1134 5167 1144 5197 ¹
1161 5166 1227 5238 edd„
1237 5165 1501 5239 nrcltitltentcrntttss.
1511 5166 1621 5226 metionis
1631 5184 1706 5241 uotae,
1715 5154 1858 5246 ercltioeer,
1870 5183 1892 5234 id

1104 5234 1142 5277 ost
1152 5228 1260 5278 medicus
1270 5242 1389 5293 princeps.

1102 5311 1279 5420 Η·Ιὶῗουείω
1291 5319 1329 5361 est
1338 5312 1368 5361 sd
1378 5311 1410 5362 tt.
1423 5312 1448 5364 ii.
1460 5324 1502 5378 gg.
1511 5328 1532 5365 s.
1544 5317 1583 5368 nb.
1593 5331 1631 5370 ue.
1640 5334 1665 5371 n.
1677 5323 1895 5380 dnouement

1101 5432 1170 5542 8²pp)
1181 5439 1324 5493 prosperum
1340 5434 1479 5499 intelliget-e
1496 5437 1601 5502 videtin,
1618 5444 1689 5507 cnjus
1707 5449 1829 5509 presedit
1846 5452 1896 5514 ep·

1103 5552 1510 5680 neminemne
1522 5569 1659 5626 uum
1672 5567 1896 5640 ΜΝ·
