3906 6390
94 359 176 414 talem
197 356 353 440 secundum
366 362 503 425 cognatam
519 353 527 383 ¹
541 350 617 405 nobis
641 349 830 403 iulhmitatem.
855 346 885 401 in

94 464 148 518 quo
162 446 280 514 Christo,
293 463 326 503 co
339 456 457 517 tompore
474 442 544 515 quod
566 440 817 512 opportunissimum
829 439 887 508 ipse

95 549 217 605 noverat,
232 549 259 594 et
273 547 333 594 aute
346 537 441 592 sucula
454 534 633 605 disposuerat,
648 532 721 586 veuit
734 529 885 586 hominibus

94 629 274 702 magisterium
288 637 313 685 et
323 626 496 697 adiutorium,
504 623 537 678 ad
549 621 739 693 capessendam
749 620 885 690 sempiter-

94 735 157 778 nam
170 720 293 777 salutem.
303 716 481 788 Magisterium
491 714 598 786 quidem
611 722 640 768 ut
652 727 682 769 ea
693 728 752 783 quoe
770 711 813 766 hic
824 718 887 767 ante

94 813 165 870 dieta
175 820 237 866 sttttt
248 809 349 864 utiliter
361 821 492 872 sera,non
503 806 589 860 solum
599 801 762 872 aPropltetis
775 801 886 868 sanctis,

95 902 142 975 qui
154 900 244 957 omnia
261 913 323 954 rora
336 897 477 963 dixerunt,
492 894 676 951 verumetiam
691 908 706 947 a
720 890 887 962 philosophis

94 1000 175 1066 etque
189 990 253 1060 ipsis
265 988 369 1060 poetis,
384 994 413 1042 et
426 982 605 1055 cuiuscemodi
618 981 771 1038 auctoribus
784 981 886 1036 littera·

95 1097 156 1138 rtuta
166 1080 246 1152 (quos
257 1079 339 1136 nauita
348 1092 411 1150 nera
426 1074 498 1130 laisis
510 1073 653 1131 miscuisse
663 1073 723 1144 quis
732 1071 886 1142 ambigatli,

95 1173 168 1231 iilius
182 1172 262 1228 etiam
277 1171 305 1226 in
316 1184 396 1226 carne
414 1175 571 1236 presentata
589 1165 759 1221 coinfirmaret
771 1164 887 1219 auctori-

95 1273 148 1331 tas,
161 1272 271 1336 propter
282 1277 329 1319 eos
341 1262 387 1333 qui
400 1261 444 1317 itia
453 1276 505 1317 non
514 1267 623 1331 possent
633 1260 658 1314 in
670 1261 726 1330 ipsa
734 1259 826 1314 intima
841 1272 888 1314 re-

96 1353 177 1410 ritate
190 1367 302 1408 cernere
315 1361 396 1423 atque
407 1350 575 1407 discernere:
589 1365 648 1421 qure
662 1349 766 1405 Veritas
776 1358 802 1405 et
814 1358 888 1405 ante-

95 1459 176 1516 mam
186 1443 321 1500 homiuem
329 1449 490 1505 assumeret,
500 1442 577 1512 ipse¹
589 1441 683 1496 aderat
695 1440 831 1504 omnibus,
843 1439 889 1510 qui

96 1535 154 1607 ejus
166 1535 308 1607 participes
319 1549 379 1590 esse
398 1540 550 1605 potuerunt.
567 1532 680 1587 hiarime
699 1546 763 1587 sero
777 1547 833 1586 sue
848 1531 889 1585 in·

95 1627 258 1685 mrnattonts
278 1626 402 1697 exemplo
423 1624 449 1681 id
464 1625 605 1681 salubriter
620 1624 766 1695 persuasit,
775 1633 804 1679 ut
819 1640 888 1694 quo-

97 1718 168 1774 niam
180 1717 303 1774 homines
316 1717 434 1788 plerique
447 1715 594 1772 divinitatis
614 1716 697 1782 avidi,
712 1731 759 1786 per
772 1725 889 1788 potesta-

97 1818 139 1865 tes
152 1808 276 1866 coelestes
289 1822 355 1880 quas
369 1806 436 1863 deos
454 1813 590 1877 putarent,
603 1805 721 1876 ritusque
737 1807 825 1861 varios
838 1805 890 1860 illi-

97 1900 222 1966 citorum,
231 1914 284 1955 non
292 1896 890 1967 sacrorum,sedsacrilegiorum,ambiendum

97 1993 148 2050 sibi
163 1993 356 2049 arbitrarentur
365 1989 399 2045 ad
411 1991 505 2057 heum
516 1989 600 2060 magis
614 1988 729 2059 superbe
741 2004 821 2059 quam
835 1988 889 2058 pic,

97 2096 149 2154 qua
163 2081 189 2136 in
202 2096 231 2136 re
247 2095 296 2150 pro
310 2080 416 2151 hnqehs
426 2077 890 2148 sanctiseisscdsrmenessuperbise

97 2168 277 2240 copnatiotte¹
300 2175 462 2239 supponunt,
479 2168 578 2223 seirent
590 2167 713 2223 homines
728 2176 781 2223 utut
801 2168 891 2237 prosi-

98 2273 172 2314 mum
182 2271 243 2315 esse
251 2257 334 2312 Deum
342 2257 433 2328 pietati
446 2255 632 2322 hominum,ad
643 2257 891 2328 ‹queattnvelutlouge

98 2349 213 2418 positum
225 2363 273 2419 per
285 2347 456 2418 interpositas
469 2355 613 2418 potestates
623 2348 784 2413 ambiebant,
799 2358 830 2404 ut
842 2348 891 2405 bo-

98 2441 199 2496 minem
212 2440 348 2511 suscipere
360 2439 524 2511 dignaretur,
537 2448 634 2496 etcum
643 2440 687 2496 iilo
697 2440 765 2495 uniri
774 2440 891 2512 quodam

97 2529 178 2586 modo
193 2539 221 2585 ut
232 2531 257 2586 ei
275 2530 315 2586 sic
327 2538 495 2601 coaptaretur
509 2528 589 2586 ltottto
603 2538 693 2596 totus,
716 2531 890 2600 quemadmo-

97 2621 160 2678 dum
173 2621 269 2677 auimae
279 2636 394 2692 corpus;
410 2629 522 2691 excepta
532 2623 701 2678 concretione
712 2622 847 2690 mutabili,
862 2623 889 2679 iu

96 2729 177 2785 quam
192 2728 246 2769 non
269 2711 433 2768 convertitur
448 2713 529 2780 Deus,
543 2721 571 2768 et
591 2728 671 2784 quam
686 2713 807 2768 ridemus
819 2713 891 2784 qood

99 2804 196 2861 habeat
205 2813 232 2860 ot
243 2819 342 2874 eorpus
355 2812 382 2859 et
393 2804 509 2859 animus.
525 2803 692 2874 ddjutorium
705 2814 806 2872 autem,
818 2805 890 2876 quod

97 2896 156 2953 sine
167 2896 252 2967 qratia
267 2896 329 2951 lidci
341 2911 400 2966 que
413 2896 447 2951 ab
461 2896 507 2951 itio
519 2905 572 2960 est,
584 2910 664 2951 nemo
687 2906 773 2966 potest
782 2896 891 2954 vincere

98 2986 327 3059 concupiscentias
337 2988 463 3053 vitiosas;
481 2997 509 3052 et
519 2988 541 3043 si
551 3003 602 3059 qua
615 3003 706 3043 earum
719 2988 824 3044 residua
836 3005 890 3046 non

98 3078 201 3146 vicerit,
217 3077 314 3133 veniali
325 3078 482 3134 remissione
494 3079 612 3150 purgari.
627 3078 704 3145 Quod
713 3094 778 3150 erqo
789 3078 823 3134 ad
835 3096 896 3136 ms

99 3162 238 3239 qisterium
249 3165 306 3238 eius
320 3167 427 3234 attinet,
436 3168 497 3239 quis
509 3183 579 3223 nuuc
591 3177 727 3224 extremus
742 3169 837 3237 idiota,
849 3171 891 3227 rei

99 3275 158 3334 quse
168 3258 270 3331 abiecta
283 3257 438 3316 muliercula
451 3273 504 3314 non
518 3259 603 3316 credit
620 3261 717 3315 attinere
730 3260 894 3318 immortali·

100 3357 182 3406 tatem
195 3349 329 3421 uitamque
352 3359 412 3421 post
433 3357 548 3406 mortem
569 3349 703 3405 loturam?
723 3350 799 3420 Quod
821 3351 893 3423 apud

98 3439 209 3498 Grecos
217 3441 281 3496 olim
292 3441 393 3510 primus
404 3436 573 3511 Pherecydes
591 3440 717 3512 Assyrius
728 3456 789 3496 cum
801 3440 894 3512 dispu-

99 3540 195 3599 tasset,
209 3532 385 3604 Pythagoram
402 3532 522 3588 Samium
536 3531 605 3586 illius
620 3531 807 3602 disputationis
817 3533 895 3589 noti-

100 3631 155 3677 tate
167 3630 318 3695 permotum
331 3637 364 3678 ex
375 3621 512 3677 athletaiu
527 3619 711 3691 philosophum
721 3621 895 3679 vertitilttsc

99 3726 165 3783 erqo
179 3710 251 3783 quod
270 3710 343 3768 hiato
363 3712 421 3779 ait,
439 3721 466 3768 et
484 3727 578 3768 omncs
590 3711 726 3780 t·identus;
749 3714 894 3772 hmomum

100 3801 240 3874 Assyrium
253 3802 331 3874 vulgo
343 3803 476 3859 irasciturz
491 3803 561 3874 quod
581 3812 671 3859 antem
683 3803 717 3859 ad
731 3804 892 3876 adiutorium

100 3893 195 3974 gratie
207 3894 331 3967 pertinet,
344 3910 404 3966 quse
415 3894 441 3949 in
452 3893 560 3951 Christo
578 3903 629 3962 est,
643 3895 700 3964 ipsc
718 3905 759 3952 est
770 3897 892 3965 omnino,

112 4053 116 4059 .
162 4005 376 4070 Quodocesiqus
386 4013 485 4057 nectent
495 4005 598 4058 sceleris
607 4009 711 4072 vestigia
721 4009 807 4069 neeri,

162 4068 231 4118 trrita
240 4075 358 4131 perpetua
369 4066 465 4119 solvent
477 4066 604 4119 lormidiue
615 4076 723 4197 thrbtttsrb·
735 4129 786 4182 m
794 4129 831 4195 4.)
861 4146 864 4150 ἢ

111 4239 115 4247 ·
137 4205 450 4267 cleonte-tenen
460 4211 687 4283 nullo,inquiunt,
699 4214 894 4285 competentibus

103 4301 182 4372 siquis
192 4300 337 4356 dmennt
351 4311 428 4357 tonte
439 4305 578 4378 mejestutis
591 4305 685 4359 indicio
697 4322 706 4361 :
719 4307 894 4377 qsie'iorooiis

102 4391 148 4446 iiis
163 4393 288 4463 perpetio,
301 4391 420 4446 debilium
429 4409 506 4459 cerie,
522 4394 620 4448 redditu
630 4395 679 4448 nitu
692 4395 826 4468 destructis,
839 4402 863 4452 si
871 4404 895 4452 et

102 4479 149 4536 edi
160 4479 356 4550 mutiderentttr,
368 4479 421 4537 Deo
434 4498 514 4552 perne
525 4492 593 4536 snttt.
608 4483 732 4539 fatemur
747 4485 853 4555 quidem
867 4493 896 4542 et

104 4585 156 4628 nos
166 4571 228 4627 taha
241 4571 363 4642 quedam
376 4571 470 4628 iecisse
481 4572 635 4643 Prophetas.
648 4573 713 4629 Nam
725 4576 750 4629 iu
760 4576 801 4631 his
812 4577 895 4648 siquis

103 4661 168 4734 quid
181 4661 353 4719 excellentius
365 4677 445 4733 quem
465 4673 584 4719 mortuos
604 4667 805 4724 resurrexisse?
820 4667 897 4727 Fecit

104 4752 157 4810 hoc
180 4752 255 4809 Elias
279 4752 324 4826 (tlt
351 4751 416 4825 lice.
437 4769 513 4819 xvtt,
532 4753 598 4826 ᾗ),
620 4753 754 4812 fecithoc
781 4757 895 4815 Elisaeus

23 4880 29 4890 .
104 4842 152 4915 (lb
163 4843 228 4916 iles.
245 4835 283 4912 tt,
295 4842 476 4915 estuante
490 4858 627 4915 magorum
639 4844 782 4913 miraculis,
804 4843 896 4905 utrum

104 4933 188 4990 nen
199 4933 525 5002 mortuossuscitaverint,
541 4934 580 4990 iili
594 4933 708 4991 u'derint
721 4937 765 5007 qui
779 4948 807 4994 et
821 4941 895 5010 hpu·

105 5024 188 5080 iciam
203 5038 233 5082 se
244 5035 338 5081 contra
350 5025 511 5098 magicarum
523 5026 622 5082 artium
637 5027 750 5083 crimina
768 5029 896 5100 copiosis·

104 5118 176 5174 sime
184 5117 383 5186 defendentem,
402 5128 533 5174 conantur
543 5134 596 5174 non
605 5114 764 5186 accusando,
779 5120 826 5177 sed
841 5113 897 5180 laass

104 5211 193 5266 dando
204 5211 373 5268 convincere.
382 5210 436 5266 hos
449 5211 571 5283 hgimus,
591 5226 684 5282 mapos
697 5211 894 5284 egyptiorum,

104 5300 204 5356 ardum
225 5302 335 5356 istarum
360 5301 551 5372 peritissimos,
576 5316 592 5357 a
615 5300 708 5376 iioyse
727 5301 827 5361 famulo
849 5302 896 5361 hel

136 5394 146 5425 ¹
158 5391 215 5442 edd.
237 5391 364 5456 σοφίσαι.
376 5391 421 5443 sed
432 5391 523 5442 melius
532 5400 584 5442 ttss.
596 5400 661 5455 οαο,
669 5399 803 5459 coqnnnn.

136 5424 333 5564 {bibile
347 5460 473 5566 tet.
442 5454 791 5568 “tilidilisil

197 5573 332 5588 Η,
407 5528 498 5590 ‚supe
551 5528 867 5600 suppremum¹

102 5573 897 5702 “c‘sssrsunw

156 5805 158 5809 y
223 5720 337 5784 lieren
354 5723 492 5783 hueusr.
513 5722 553 5785 li.

746 5520 815 5583 'quot
832 5527 897 5581 tos..

681 233 918 293 tetstotatttttt
937 230 1071 289 etttssts
1091 230 1136 286 iil.

1676 229 1734 290 522

941 343 1023 400 luisse
1035 352 1184 415 superatos,
1196 357 1255 398 cum
1270 342 1306 398 illi
1317 342 1437 414 quaedam
1453 343 1519 398 mira
1529 341 1651 398 nefandis
1664 344 1738 399 arti-·

940 435 989 491 bus
1004 434 1178 507 egemonius
1193 433 1248 489 ileo
1262 434 1436 506 simpliciter¹
1451 435 1583 503 inrorato,
1592 435 1731 490 machina·

940 535 1029 582 menta
1050 540 1143 581 eorum
1161 534 1255 581 ctutcta
1277 526 1444 583 subverteret
1469 525 1568 598 (Eeod.
1589 510 1644 594 vn,
1660 528 1732 600 vttt).

940 614 993 671 Sed
1012 606 1039 670 et
1058 615 1115 687 ipse
1135 614 1249 686 llopscs,
1271 624 1299 671 et
1311 618 1400 672 ceteri
1414 616 1554 687 Prophetae
1567 619 1732 676 veracissimi

941 706 1082 764 homiuum
1101 704 1234 763 Christum
1248 707 1481 780 prophetaverunt,
1499 720 1527 768 et
1537 711 1647 783 gloriam
1672 728 1732 768 ma·

939 814 1018 871 qnam
1028 799 1053 854 ci
1063 798 1208 865 dederunt;
1224 798 1294 854 hunc
1306 815 1356 853 uon
1369 807 1492 871 taitquam
1505 817 1596 872 parem
1607 801 1668 870 sibi,
1683 818 1733 859 nec

941 889 968 944 in
981 889 1073 946 eadem
1085 890 1272 945 miraculorum
1287 891 1402 960 potentia
1412 892 1588 960 superiorem,
1599 893 1646 952 scd
1656 880 1746 965 plane*

939 980 1081 1035 Dominum
1094 979 1177 1035 Deum
1191 979 1319 1045 omnium,
1333 989 1360 1035 ct
1372 979 1508 1037 hominem
1522 992 1629 1052 propter
1642 983 1732 1040 homi·

941 1071 1102 1136 nostrerum,
1114 1080 1254 1127 tenturum
1266 1073 1518 1142 pronuntiaverunt.
1529 1072 1580 1144 Qui
1592 1086 1733 1147 propterea

940 1171 968 1217 et
987 1162 1045 1233 ipse
1060 1163 1119 1218 taho
1136 1162 1224 1219 lacere
1237 1163 1329 1229 soluit,
1352 1179 1387 1219 ne
1407 1174 1479 1220 esset
1494 1166 1653 1234 absurdum,
1672 1184 1733 1240 quse

941 1268 989 1323 per
1003 1254 1061 1308 ilios
1074 1253 1174 1310 iecerat
1186 1253 1209 1311 si
1224 1255 1281 1326 ipsc
1293 1270 1347 1310 non
1356 1254 1465 1311 iaceret.
1478 1255 1532 1313 Sed
1547 1266 1635 1314 tamen
1646 1270 1673 1316 et
1683 1258 1718 1316 ali

941 1342 1004 1412 quid
1019 1343 1155 1414 proprium
1176 1344 1263 1400 lacere
1287 1344 1403 1402 debuit:
1424 1346 1496 1402 nasci
1516 1346 1550 1402 de
1571 1348 1692 1419 virgine,
1718 1364 1733 1404 a

942 1436 1053 1491 mortuis
1069 1452 1218 1508 resurgere,
1227 1435 1253 1492 in
1268 1437 1365 1492 coelum
1377 1437 1532 1496 ascendere.
1550 1440 1605 1498 iioc
1622 1442 1676 1498 beo
1688 1458 1734 1514 qtu

943 1540 1034 1594 parum
1044 1534 1127 1596 putat,
1148 1526 1211 1598 quid
1224 1528 1284 1596 ptus
1296 1537 1432 1599 exspectet
1446 1529 1550 1603 ignoro.

979 1617 1022 1671 tt.
1042 1616 1164 1673 hrbitror
1188 1618 1259 1674 enim
1288 1619 1348 1673 talia
1373 1617 1501 1692 flagitari,
1524 1622 1611 1693 qualia
1636 1638 1734 1693 gerens

942 1705 1088 1788 leunsinem,
1101 1706 1187 1763 laccre
1198 1724 1253 1763 non
1267 1709 1277 1740 ¹
1291 1708 1392 1765 debuit.
1412 1709 1478 1766 Nam
1492 1712 1518 1767 in
1531 1712 1662 1784 principio
1676 1725 1734 1771 erat

942 1795 1070 1864 Verbum,
1086 1806 1114 1853 et
1127 1798 1243 1854 Verbum
1264 1808 1322 1855 erat
1340 1801 1411 1872 apud
1427 1802 1521 1869 heom,
1544 1812 1571 1860 et
1583 1804 1655 1862 licus
1677 1818 1736 1862 erat

942 1884 1071 1953 Verbum,
1082 1897 1109 1944 ct
1121 1889 1209 1943 ontnia
1228 1890 1374 1960 peripsum
1391 1889 1458 1948 lacta
1480 1903 1541 1948 sunt
1554 1892 1641 1967 (loen.
1659 1911 1677 1962 t,
1693 1896 1732 1968 i).

942 1977 1010 2034 Num
1021 1977 1129 2036 homine
1142 1991 1288 2054 assumpto,
1302 1982 1382 2038 alium
1395 1984 1522 2040 ntundum
1533 1985 1621 2044 iacere
1632 1988 1735 2058 debuit,

943 2082 972 2127 ut
982 2088 1042 2128 eum
1056 2089 1117 2129 esse
1124 2073 1303 2141 crederemus,
1316 2090 1447 2146 perquem
1459 2077 1587 2136 iactusest
1598 2077 1746 2151 mundus?¹

943 2161 996 2219 Sed
1008 2177 1057 2220 nec
1071 2165 1287 2236 majormundus,
1297 2182 1346 2222 nec
1358 2167 1400 2222 isti
1412 2169 1521 2240 equalis
1529 2171 1557 2226 in
1569 2170 1620 2227 hoc
1632 2171 1734 2228 mundo

944 2253 1002 2309 lieri
1017 2264 1118 2325 pcsset.
1140 2255 1168 2312 Si
1183 2267 1271 2312 autem
1293 2257 1423 2315 minorem
1439 2258 1539 2317 laceret
1561 2262 1628 2317 inira
1643 2252 1734 2331 istum,

943 2347 1066 2403 similiter
1091 2349 1142 2405 hoc
1159 2364 1264 2420 quoque
1289 2366 1381 2420 parunt
1404 2360 1553 2423 putaretur.
1580 2354 1646 2423 Quia
1669 2372 1734 2428 ergo

943 2452 998 2492 non
1008 2438 1148 2508 oportebat
1162 2448 1189 2494 ut
1209 2456 1306 2496 novum
1321 2440 1421 2499 laceret
1442 2444 1581 2513 mundum,
1594 2463 1662 2503 nora
1676 2449 1737 2504 lecit

944 2528 971 2583 iu
985 2530 1094 2585 mundo.
1118 2531 1203 2586 llomo
1217 2532 1289 2587 cuim
1302 2531 1335 2588 de
1355 2534 1457 2605 rirqine
1482 2548 1655 2607 procreatus,
1679 2549 1734 2596 eta

944 2619 1057 2673 mortuis
1082 2619 1107 2674 iu
1129 2629 1258 2676 acteruam
1286 2622 1367 2677 vitant
1391 2626 1581 2693 resuscitatus,
1605 2636 1633 2684 et
1655 2644 1737 2700 super

943 2709 1026 2764 coeios
1041 2711 1182 2778 exalettus,
1207 2712 1341 2782 potentius
1362 2712 1477 2772 fortasse
1500 2735 1567 2789 opus
1591 2729 1633 2776 est
1654 2736 1733 2792 quant

944 2799 1069 2854 mundus.
1083 2801 1130 2855 ilic
1143 2800 1209 2857 iorte
1218 2802 1389 2872 respondent,
1403 2819 1433 2862 se
1447 2806 1545 2864 hictum
1558 2810 1674 2868 hocessc
1683 2831 1736 2870 raon

944 2889 1065 2944 credere.
1084 2888 1151 2958 Quid
1165 2907 1228 2962 erqo
1239 2891 1284 2947 liat
1296 2891 1462 2961 hominibus,
1484 2898 1530 2969 qui
1542 2900 1650 2957 minirua
1669 2919 1737 2959 cou-
1792 2900 1801 2906 ”

945 2981 1183 3050 temnuntmajnm
1193 2998 1245 3036 non
1261 2983 1390 3040 creduut?
1400 2983 1514 3042 Reddita
1531 2989 1582 3044 rita
1592 2990 1736 3062 defunctis,

945 3071 1005 3127 idco
1023 3071 1150 3139 creditur,
1166 3075 1227 3145 quia
1244 3074 1364 3130 iecerunt
1377 3075 1432 3143 alii,
1448 3087 1475 3132 et
1495 3094 1589 3149 parunt
1603 3091 1645 3138 est
1658 3084 1735 3140 boo:

944 3177 1008 3218 caro
1017 3163 1122 3235 propria
1135 3163 1169 3220 dc
1182 3164 1399 3235 uirginecreata,
1409 3175 1436 3223 et
1447 3184 1463 3223 a
1477 3172 1597 3227 tuortein
1610 3183 1739 3232 oeternum

945 3258 1026 3312 sitam
1040 3272 1122 3328 supet·
1141 3258 1224 3314 coeios
1247 3258 1351 3324 lerata,
1381 3259 1442 3315 idco
1463 3276 1517 3317 non
1532 3263 1660 3334 creditur,
1674 3268 1736 3338 quis

944 3362 1025 3404 nemo
1049 3347 1121 3416 lecit,
1148 3358 1175 3404 et
1193 3349 1321 3420 competit
1335 3351 1399 3408 beo.
1421 3351 1460 3406 hc
1476 3366 1524 3423 per
1538 3351 1589 3409 hoc
1606 3370 1665 3425 quse
1686 3358 1738 3412 sihi

945 3441 1058 3512 quisque
1079 3441 1175 3509 lucilia,
1196 3455 1249 3496 non
1273 3440 1354 3508 hictu,
1374 3441 1524 3522 sedeaptu,
1547 3455 1632 3516 putat,
1658 3463 1736 3520 aequo

945 3532 1159 3602 auimoaccipit;
1176 3547 1255 3603 supra
1269 3547 1300 3589 ea
1313 3532 1395 3589 veluti
1408 3533 1469 3589 licta
1482 3550 1530 3606 pro
1550 3535 1622 3594 loisis
1640 3538 1714 3596 ducit
1727 3558 1736 3594 t

948 3622 1004 3681 noli
1015 3623 1055 3679 eis
1064 3637 1125 3679 esse
1135 3623 1242 3690 similis,
1256 3624 1370 3680 obsecro
1383 3632 1419 3680 tc.

947 3741 950 3746 ’
985 3717 1028 3773 te.
1045 3716 1218 3788 disputantur
1238 3716 1296 3772 hacc
1310 3715 1400 3785 latius,
1417 3727 1445 3774 et
1457 3733 1551 3777 omnes
1561 3723 1738 3792 quaestionum

946 3807 1158 3864 necessariorum
1173 3809 1248 3865 sinus
1262 3809 1418 3880 perscrutati
1438 3796 1604 3883 discussique
1619 3815 1740 3884 partdua-

948 3908 1008 3954 tur:
1031 3899 1080 3955 scd
1102 3898 1247 3955 intellectui
1269 3899 1335 3954 lidos
1348 3899 1448 3957 aditum
1472 3903 1573 3972 aperit,
1598 3904 1741 3962 ittiidelitaa

944 3990 1054 4047 claudit.
1069 3989 1154 4059 Quem
1169 4006 1221 4046 non
1242 4002 1348 4048 moreat
1366 3991 1400 4047 ad
1417 3994 1581 4051 credendum
1602 4005 1691 4054 tantus
1705 4001 1741 4054 ah

947 4083 1022 4140 initio
1035 4084 1092 4155 ipse
1106 4099 1196 4140 rerum
1217 4094 1350 4157 gestarum
1371 4086 1457 4155 ordo,
1477 4097 1505 4144 et
1528 4089 1584 4160 ipsa
1606 4095 1740 4151 connexio

947 4185 1112 4247 temporum,
1134 4177 1276 4248 praeteritis
1294 4177 1374 4234 isdem
1388 4178 1421 4235 dc
1435 4182 1609 4250 presentibus
1622 4184 1740 4254 iaciens,

946 4268 1036 4340 priora
1056 4266 1249 4337 posterioribus
1261 4279 1288 4323 ct
1302 4269 1494 4326 recentioribus
1515 4273 1622 4343 arrdqua
1640 4275 1742 4332 corthe-

947 4361 1041 4414 mansi
1062 4358 1175 4429 Eligitur
1190 4373 1258 4413 unus
1271 4373 1304 4413 ex
1318 4368 1396 4430 geute
1417 4359 1618 4432 Chaldaeorum,
1641 4368 1741 4437 pietate

948 4449 1100 4516 fidelissima
1112 4448 1248 4519 preditus,
1263 4450 1306 4505 cui
1321 4451 1450 4520 promissa
1464 4451 1626 4526 diniuapost
1639 4467 1741 4519 tautam
1774 4485 1777 4492 ·
1824 4480 1839 4501 ο

947 4542 1105 4597 saecolorum
1118 4541 1217 4596 seriem
1236 4541 1389 4598 notissimis
1403 4545 1567 4615 temporibus
1582 4550 1739 4619 complenda

948 4632 1399 4705 prodantur,atqueiuciussemine
1407 4646 1599 4710 omnesgentes
1608 4641 1739 4700 habituras

947 4722 1161 4780 benedictionem
1172 4723 1385 4794 praenuntiantur
1396 4723 1471 4796 (Gen.
1480 4716 1529 4792 xu',
1540 4727 1580 4799 ἲ).
1594 4729 1644 4786 llic
1655 4747 1739 4789 unuin

948 4814 1033 4870 mum
1049 4829 1143 4870 terum
1162 4813 1449 4872 coleusttuiversitatis
1465 4825 1634 4889 creatorem,
1654 4823 1741 4893 gignit

949 4906 1033 4961 hlium
1043 4906 1177 4972 tenende
1188 4905 1445 4979 eoojoqeqttamspe
1452 4910 1572 4979 pariendi
1580 4915 1741 4982 penitusde·

948 4997 1068 5054 stitutum
1080 4997 1206 5054 sterilitas
1215 5005 1334 5069 aemsque
1340 4996 1396 5069 jam
1410 4998 1519 5066 iecerat.
1532 5001 1696 5074 Propaqatur
1706 5022 1742 5065 cs

950 5087 1239 5146 ilianumerosissimtts
1246 5088 1369 5160 populus,
1377 5090 1568 5162 multiplicatus
1577 5094 1741 5168 inAEqppto,

949 5197 1002 5252 quo
1014 5181 1086 5238 illam
1100 5181 1211 5252 stirpem
1227 5197 1261 5238 ex
1272 5182 1446 5239 orientalibus
1459 5186 1587 5255 partibus,
1601 5190 1742 5259 promissis

949 5274 1104 5344 edoctisque
1116 5274 1290 5331 crebrescens
1301 5273 1439 5346 dispositio
1447 5275 1537 5332 divina
1548 5280 1742 5339 transmiserat.

951 5365 1078 5422 Etlocitm
1090 5382 1123 5421 cx
1143 5367 1251 5440 AEpypti
1265 5370 1394 5425 servitute
1404 5386 1470 5441 qens
1484 5373 1590 5440 valida,
1602 5375 1743 5434 horrendis

982 5458 1057 5508 ¹ntu
1066 5465 1121 5509 ton.
1130 5459 1185 5509 ssu
1198 5468 1225 5511 et
1234 5467 1271 5511 rr.
1284 5461 1392 5521 ament,
1409 5456 1459 5514 n'eo
1476 5465 1616 5531 npnhecr
1627 5467 1741 5524 tarento

951 5525 979 5570 ht
990 5528 1042 5570 ttss.
1056 5519 1185 5571 lectionem
1197 5530 1302 5572 nestram
1314 5524 1454 5585 prael'etunt.

982 5583 1026 5630 ¹tn
1044 5582 1099 5631 rald.
1124 5582 1223 5655 legitur,
1235 5585 1250 5647 s
1253 5597 1314 5634 rcere
1325 5596 1371 5635 nott
1383 5585 1472 5638 deltae.
1490 5590 1615 5644 secutast
1629 5594 1742 5658 particula

951 5657 1046 5708 negatas
1057 5657 1070 5693 a
1082 5643 1207 5709 piens-qm·
1219 5645 1274 5694 utd.
1288 5654 1340 5723 ttss.

1312 5732 1513 5818 (Die-cept.)
