3906 6390
451 440 535 554 tn
584 432 846 552 renunt
897 424 1303 550 secunaum

700 673 1037 854 perietis.

770 917 977 959 -οο-

108 1036 146 1100 iii
159 1039 233 1098 oratii
242 1036 302 1096 allis
312 1035 433 1109 corperis
447 1030 570 1091 sc'irsilnrs
582 1026 719 1104 prestant,¹
735 1031 772 1086 itt
785 1028 925 1085 niustriae
939 1028 1057 1084 tirorurn
1069 1026 1195 1098 Epistulae
1207 1026 1311 1082 cuter'n
1323 1030 1415 1080 οσιιιιιι
1427 1024 1534 1095 scriptis
1546 1025 1644 1096 passim
1657 1042 1691 1083 an

70 1130 207 1192 medani.
222 1128 253 1188 lai
267 1132 307 1188 cis
319 1131 392 1186 enirn
407 1124 529 1196 trentam
543 1126 569 1179 ln
583 1122 692 1194 pennu
703 1122 839 1176 eruumm
852 1118 1087 1188 speculoemleaut
1096 1122 1217 1188 persone
1228 1115 1316 1179 dotes,
1329 1113 1450 1181 enectus,
1463 1113 1575 1171 uirtutes
1584 1122 1612 1169 ct
1624 1115 1705 1179 ritia;

71 1226 112 1282 sic
125 1232 155 1280 ut
167 1226 253 1279 uerno
262 1214 349 1291 ntrgls
358 1216 493 1275 aereum
505 1218 537 1271 sa
551 1213 701 1285 exprimere
715 1212 808 1282 possit,-
819 1216 898 1266 nemo
909 1206 974 1263 alini
988 1207 1084 1264 mellus
1095 1222 1174 1278 msam
1190 1207 1216 1261 iu
1230 1205 1349 1277 epistolis¹
1364 1203 1473 1259 intueri.
1490 1203 1517 1257 ld
1531 1200 1555 1259 sl
1569 1203 1603 1259 dc
1615 1211 1705 1274 cuijus·

75 1329 156 1387 quam
166 1313 244 1379 alius,
257 1322 329 1366 certe
340 1310 372 1365 tle
385 1306 525 1376 Augustini
537 1304 644 1359 Litteris
655 1310 770 1367 cunstat,
786 1301 812 1354 in
826 1299 921 1369 qatiltus
935 1296 1095 1352 sanctissimi
1109 1295 1229 1351 nectaris
1240 1295 1344 1365 genius,
1364 1294 1515 1363 eloquentia
1528 1294 1706 1365 carolorum,

73 1402 225 1474 prudentia,
241 1397 324 1467 telus,
339 1397 423 1454 animi
438 1393 597 1458 commertia,
613 1391 731 1447 ueritatis
743 1402 775 1445 ac
795 1388 901 1459 pietatis
912 1386 1045 1452 studiant,¹
1064 1385 1230 1452 humrnitas,
1246 1382 1392 1447 modestia,
1412 1384 1524 1453 aliaetpte
1537 1384 1647 1439 tir-tutes
1660 1394 1705 1439 re·

72 1490 224 1565 splendent.
239 1490 297 1547 lam
311 1488 419 1561 quidem
432 1484 674 1541 inconcessorum
687 1482 764 1536 libris
776 1495 806 1536 se
818 1480 875 1549 ipss
885 1472 1033 1533 luculenter
1045 1485 1214 1547 expresserat
1226 1474 1404 1546 Augustinus;
1419 1483 1447 1527 at
1460 1488 1513 1528 ιιοιι
1526 1475 1572 1541 ita,
1583 1476 1607 1530 si
1618 1474 1709 1530 dicere

76 1585 156 1650 licet,
168 1582 283 1656 g‘eneine
299 1583 368 1638 sicut
382 1582 408 1635 iu
424 1572 558 1647 epistotae.
572 1572 616 1631 su
628 1575 742 1630 enimus
753 1574 813 1643 eires
826 1571 862 1627 de
873 1569 970 1641 seipsis
982 1568 1101 1625 meinent
1113 1568 1214 1635 saneti,-
1227 1577 1271 1622 aut
1291 1566 1432 1623 immodice
1445 1568 1588 1636 extollant,
1604 1569 1625 1624 si
1640 1568 1709 1623 mala

72 1676 141 1743 sirii;
154 1680 200 1731 ant
214 1674 271 1745 pilis
285 1682 362 1744 equo
375 1672 538 1742 deprimant,
559 1668 583 1724 si
596 1668 664 1723 suna
677 1684 684 1720 :
699 1667 722 1721 si
735 1680 799 1720 sero
811 1664 869 1735 quis
884 1661 953 1718 siles·
963 1661 997 1716 de
1010 1660 1074 1730 ipsis
1092 1660 1196 1725 scribit,
1212 1676 1263 1715 non
1277 1661 1341 1715 satis
1357 1658 1448 1716 eurum
1464 1658 1556 1716 intima
1570 1671 1710 1731 penetrare

74 1768 176 1840 possin
193 1776 238 1823 aut
250 1766 354 1823 etnmsi
368 1765 461 1835 possit,
473 1762 610 1833 aptissime
621 1758 755 1830 explicare
765 1770 819 1811 ιιοιι
833 1756 926 1811 ratem.
939 1755 974 1808 st
986 1753 1012 1807 in
1027 1752 1107 1806 uariis
1121 1752 1240 1822 epistulis
1252 1762 1375 1807 auctores
1387 1760 1483 1823 sponte
1494 1752 1524 1808 se
1535 1754 1583 1821 ipsi
1595 1752 1712 1823 produnt

75 1859 237 1930 pinguntque
250 1855 345 1911 uetitis
361 1846 510 1917 soterinis,
528 1854 594 1922 uses
606 1852 709 1913 natrara',
724 1847 808 1913 neus
824 1844 940 1908 occasio,
953 1848 1086 1913 personae,
1099 1834 1248 1912 argumenta
1262 1842 1388 1906 materia,
1401 1843 1481 1896 etlam
1495 1858 1509 1895 a
1523 1852 1576 1896 aron
1590 1840 1710 1912 cogitan-

74 1946 145 2002 tilrtls
159 1946 333 2016 exprimunt:
350 1936 417 1998 adeo
432 1952 459 1997 nt
471 1930 584 2011 diligens¹
596 1938 686 2010 narnis
695 1940 784 1993 rerarrn
797 1935 942 1990 aestimatur
954 1933 980 1987 nl
994 1933 1180 2003 epistolaribus
1193 1932 1299 2002 scriptis
1311 1933 1428 1986 auctoris
1446 1932 1539 1988 iaeiem
1553 1944 1580 1988 et
1592 1937 1710 1989 animum

78 2050 94 2081 s
108 2035 256 2106 propinquo
271 2033 368 2088 intttcri
382 2032 475 2102 possit.

108 2114 164 2178 Sed
174 2116 241 2177 llittd
251 2122 360 2191 insuper
369 2119 508 2190 Augustini
520 2114 646 2187 Epistolis
660 2115 814 2186 dignitatem
829 2112 911 2180 addit,
926 2111 998 2183 qoud
1007 2120 1069 2167 eterit
1081 2112 1266 2167 onustissimus
1279 2110 1399 2166 l‘nntiiex
1410 2113 1573 2182 gravissimis
1582 2115 1708 2172 Ecclesiae

74 2210 189 2278 negotiis
204 2209 283 2262 luerit
295 2217 455 2275 occupatus,
476 2205 655 2274 Epistularum
669 2204 726 2272 ejus
740 2202 861 2256 catnectio
878 2216 930 2255 uon
945 2208 1046 2255 tantum
1060 2202 1142 2270 nisius
1157 2200 1302 2270 priuatam,
1322 2201 1368 2255 sed
1383 2206 1410 2255 et
1425 2210 1506 2256 totam
1522 2203 1576 2258 iere
1589 2207 1714 2262 ecclesia·

74 2298 170 2352 uticam
182 2296 253 2350 illitis
264 2295 391 2364 temporis
404 2293 542 2348 historiam
555 2293 756 2360 complectatur.
771 2289 848 2345 Unde
862 2290 884 2344 si
895 2290 955 2361 quis
968 2290 1164 2344 Donatistarum
1177 2299 1205 2345 et
1222 2291 1432 2360 Pelagianorom‚
1447 2302 1507 2362 puae
1523 2293 1583 2349 aleae
1599 2300 1714 2354 itureses

76 2383 227 2438 Ecclesiam
240 2396 289 2452 per
301 2381 327 2435 id
339 2390 443 2450 tempus
457 2380 572 2434 marture
587 2379 753 2443 infestarunt,
767 2392 811 2434 res
823 2384 912 2449 gestes
923 2378 1041 2433 steaiiusc
1051 2379 1175 2448 indagare
1187 2394 1219 2434 ae
1231 2380 1309 2448 plene
1319 2378 1468 2451 intelligere
1477 2382 1559 2453 capit,
1574 2386 1715 2457 Augustini

78 2470 214 2541 Epistulas
226 2471 297 2539 legat
308 2482 340 2523 ac
354 2469 448 2523 sedulle
462 2469 588 2532 revolvat,
605 2476 632 2523 et
642 2468 710 2522 rutis
722 2467 829 2522 nttdcm
841 2467 897 2521 suis
908 2462 1032 2537 sptaiem'
1041 2467 1119 2522 llncnl
1136 2468 1262 2539 intpoitst.

10 2597 14 2607 ·
112 2559 212 2615 Verum
228 2559 256 2612 iti
275 2558 456 2628 superioribus
474 2557 633 2613 editionibus
647 2559 713 2613 adeo
727 2556 898 2628 perturtaurs
909 2564 967 2614 erat
980 2559 1229 2629 augustinianorum
1246 2560 1425 2630 Epistularum
1438 2563 1518 2632 ordo,¹
1529 2574 1560 2620 ut
1571 2580 1624 2623 raon
1639 2568 1719 2630 narde

77 2644 262 2718 quisquamid
274 2647 379 2716 semusti
395 2648 523 2717 potuisset
539 2648 639 2719 aucune
654 2646 731 2718 lunge
747 2655 775 2702 et
787 2660 858 2718 sepe
874 2649 985 2718 repetita
1000 2649 1113 2705 lectione
1126 2665 1158 2707 ac
1174 2651 1356 2709 meditatione.
1371 2648 1437 2711 liant
1455 2656 1576 2727 eiusdem
1590 2665 1720 2734 temporis

76 2728 106 2790 cr'
123 2735 272 2805 amanensi
292 2734 418 2805 Epistulae
432 2750 482 2806 per
501 2744 583 2791 totuur
598 2736 764 2792 conscionis
783 2744 880 2808 cerpus
899 2732 963 2793 tiae
982 2737 1043 2794 inde
1065 2740 1194 2811 dispersae
1207 2736 1299 2813 eretria
1321 2752 1376 2801 tum
1399 2749 1503 2818 priores
1523 2754 1718 2821 posterioritatis

76 2825 234 2896 postposite
247 2834 275 2879 et
286 2825 312 2878 in
329 2824 408 2879 ssnem
423 2825 547 2895 reiectas:
561 2840 593 2881 ae
604 2825 726 2895 demum,
740 2841 800 2898 qttae
813 2824 977 2883 intolerantia
989 2827 1111 2886 coniuslo
1126 2838 1200 2901 crat,
1214 2834 1353 2906 Augustini
1372 2840 1500 2912 rescripta
1519 2848 1599 2913 quam
1620 2845 1718 2918 ludgis·

78 2914 147 2968 sime
161 2913 195 2966 alt
210 2913 377 2982 iuterrogatus
389 2924 416 2968 ct
429 2915 558 2970 consultis
570 2928 759 2986 nunnunquam
782 2915 893 2971 aberant
908 2934 915 2972 :
929 2917 984 2973 imo
997 2920 1124 2990 rescripta
1138 2924 1266 2981 consultis
1278 2925 1356 2999 iunge
1368 2928 1590 2998 presentantur·
1606 2936 1674 2993 adeo
1688 2938 1719 2996 art

80 3000 175 3056 Erudit
189 3018 214 3054 ι.
228 3017 254 3072 g.
269 3002 432 3057 conserentis
446 3004 571 3073 Epistulas
592 3013 652 3074 post
673 3005 769 3060 multas
783 3006 971 3077 interneentes
990 3008 1123 3079 Epistulas
1144 3012 1284 3085 Augustini
1306 3020 1463 3088 responsum
1478 2977 1718 3096 consequerentur.

78 3088 248 3160 Quapropter
261 3090 410 3160 emandans
427 3100 485 3146 erat
505 3100 535 3147 et
549 3092 688 3163 septenni
711 3093 841 3163 lipistois
857 3094 888 3149 iri
908 3100 1010 3151 rectum
1024 3097 1147 3156 ordinem
1167 3116 1215 3171 pru
1236 3111 1384 3175 temporum
1400 3112 1502 3167 ratione
1520 3113 1715 3186 digererentur.

77 3180 157 3248 Ques
170 3181 262 3252 procul
275 3181 357 3236 sanie
369 3188 510 3236 umatum
520 3180 614 3238 luisses
625 3183 787 3254 Augustianis
801 3184 868 3254 ipse,
881 3184 906 3240 si
916 3200 1008 3241 earum
1022 3190 1205 3246 recensionem
1219 3196 1298 3264 qunti
1314 3204 1478 3268 susceperat,
1493 3202 1517 3256 ei
1530 3202 1668 3261 absolvere
1680 3206 1715 3262 ll·

80 3273 192 3328 cuisset.
207 3273 309 3343 Qttippe
324 3272 351 3327 in
366 3270 591 3328 ll'etraststiunmn
604 3278 710 3330 suarum
725 3276 854 3345 proc'e'mio
864 3282 956 3346 optare
967 3286 996 3331 se
1009 3274 1128 3345 testatur,
1142 3289 1171 3335 ut
1182 3295 1262 3352 opera
1275 3298 1322 3339 sua
1336 3296 1368 3340 eu
1381 3290 1434 3356 etro
1443 3290 1541 3359 scripta
1551 3302 1612 3347 suut
1623 3294 1717 3351 ustus

79 3360 260 3432 perlegantsr,
277 3360 357 3431 eiqi're
368 3360 542 3416 reid-sturnus
557 3368 587 3418 sc
600 3368 720 3432 operam,
733 3362 908 3434 quodenset
922 3365 1071 3436 intelligant
1082 3368 1194 3425 lectores
1205 3373 1330 3440 mactasse
1341 3373 1475 3430 scribente
1485 3378 1628 3447 pepererit.

115 3451 150 3506 st'
163 3451 306 3521 immunius
320 3450 349 3506 id
363 3454 526 3506 tetltaremu's
540 3451 742 3507 intercedebant
754 3452 868 3507 inesses
881 3460 941 3518 res;
961 3466 1057 3522 nempe
1070 3462 1135 3510 usus
1148 3460 1315 3526 superiorum
1330 3470 1496 3531 temporum,
1517 3476 1640 3538 receptus
1654 3470 1721 3527 ordo

80 3541 116 3598 alr
128 3544 206 3597 attaris
217 3542 324 3596 circiter
335 3544 443 3594 ceittsnt
454 3541 627 3608 septuaginta,
645 3542 787 3594 citaturus
800 3542 919 3606 usints,
935 3549 1001 3611 qums
1015 3542 1125 3609 ululare,
1138 3553 1184 3601 aut
1194 3545 1303 3603 demutn
1316 3552 1468 3619 pervertere
1483 3556 1556 3613 usias
1569 3574 1629 3616 esse
1645 3562 1721 3619 ride·

83 3631 177 3697 buter,
190 3636 224 3685 ne
243 3630 356 3684 mutatio
366 3629 424 3683 lttcc
438 3628 578 3697 plurimum
592 3629 692 3698 negot'ri
703 3628 829 3685 studiosis
843 3628 998 3685 facesseret.
1012 3632 1057 3688 Ad
1073 3633 1131 3690 haec
1142 3649 1196 3690 non
1215 3636 1287 3693 let-es
1305 3637 1475 3700 cliilleulta'tcs
1491 3646 1515 3700 in
1534 3652 1721 3709 constituendas

81 3723 261 3794 epistularum
273 3722 376 3787 erdine,
392 3721 437 3792 uui
451 3720 573 3775 omuibus
587 3721 726 3790 prestetum
741 3728 802 3776 eum
815 3722 849 3777 de
863 3723 1050 3780 nonnullarum
1064 3724 1143 3782 aetate
1164 3727 1299 3799 disputent
1317 3730 1423 3788 eruditi.
1440 3737 1526 3808 litque
1541 3739 1598 3797 naec
1610 3745 1720 3813 putissi-

81 3822 154 3873 rttuu'a
166 3830 216 3872 nos
229 3817 297 3871 ratio
310 3812 479 3878 ururabatm;
495 3812 593 3885 quiippe
611 3814 655 3883 qari
670 3813 698 3868 id
711 3814 843 3884 praecipue
859 3814 886 3868 in
904 3816 1021 3870 animuin
1038 3817 1200 3880 intulerimus,
1222 3821 1274 3877 noc'
1290 3823 1317 3877 in
1336 3825 1427 3881 labore
1448 3839 1540 3886 nostro
1561 3834 1717 3895 neutrorum

81 3908 221 3967 meratius
234 3908 335 3962 temere
356 3904 490 3961 aduersari
505 3910 551 3959 aut
565 3904 662 3960 nnete.
681 3904 744 3960 liec'
757 3920 820 3976 crgo
836 3908 968 3963 uramenta
980 3922 996 3963 a
1008 3910 1136 3965 mittendo
1149 3908 1329 3982 Epistularum
1347 3912 1441 3974 ordine
1462 3934 1512 3975 nus
1530 3921 1719 3997 deterrebant,

82 4006 134 4060 mse
145 3992 223 4058 facile
236 4000 261 4055 iti
274 4012 292 4054 a
304 3998 382 4054 uultis
394 4006 487 4053 centia
499 3998 653 4067 superiores
667 3997 798 4053 editiones
810 3998 1007 4068 suscipiendum
1021 4000 1171 4057 aidelrut'ur.

121 4086 161 4149 Es
173 4088 287 4147 adverso
300 4098 389 4145 nmen
402 4086 633 4143 aliuaiseatieba‘nt
644 4094 697 4142 noir
711 4092 812 4143 tantam
828 4088 902 4143 varta
914 4090 1079 4145 crediturum
1093 4094 1213 4165 exempla
1228 4095 1254 4149 in
1269 4086 1396 4165 Epistulis
1410 4099 1438 4156 S.
1450 4092 1591 4173 Cypriani,
1606 4107 1635 4164 s,
1649 4109 1720 4166 Leo·

84 4184 137 4252 uis,
157 4181 278 4257 etc.,sc‹l
291 4181 371 4236 ctiam
386 4182 503 4233 uirorum
517 4193 569 4232 non
591 4178 678 4233 tatinus
690 4178 799 4233 scicntia
814 4192 893 4249 quam
914 4178 1040 4249 dignitate
1060 4183 1241 4250 prestantium
1259 4187 1421 4254 aucteritas,
1441 4189 1486 4258 qui
1508 4195 1655 4259 posteritati
1668 4196 1719 4255 nae

84 4290 152 4333 „opp
165 4272 282 4330 gnatone
296 4268 594 4326 muraenarulebant.
613 4260 661 4324 ilis
679 4268 788 4324 omuino
806 4268 935 4338 exempns
952 4276 979 4325 et
996 4271 1197 4327 auctoritatibus
1213 4270 1337 4339 adducti,
1356 4276 1461 4332 taudem
1475 4284 1674 4351 consensimus,
1691 4298 1721 4343 nt

84 4356 223 4437 meum
244 4360 369 4432 Epistulas
382 4358 418 4415 ad
430 4368 559 4414 annerum
573 4358 688 4425 seriem,
703 4357 790 4429 quoad
805 4356 868 4413 lieri·
876 4366 980 4429 posset,
996 4360 1146 4415 accuratam
1159 4368 1355 4418 rerumremns.
1376 4365 1409 4419 lit
1426 4378 1461 4420 ne
1479 4367 1530 4422 leri
1550 4371 1724 4431 increementa

86 4457 155 4514 naue
168 4452 268 4510 sertem
284 4450 438 4523 designasse
452 4450 598 4516 rideatnur,
619 4463 672 4503 nun
688 4448 770 4504 modo
790 4448 903 4515 nostris,
925 4448 1066 4505 sedetiam
1085 4448 1178 4505 alienis
1197 4464 1256 4506 eam
1275 4451 1370 4508 studiis
1384 4464 1411 4510 et
1428 4456 1545 4514 consiliis
1558 4459 1719 4535 investigare

86 4547 240 4619 sategimus.
254 4542 409 4599 Nostrarum
421 4540 490 4595 naue
508 4540 535 4594 in
555 4553 612 4593 rem
629 4546 763 4593 momenta
776 4538 923 4603 rationum,
939 4537 1035 4607 cluibus
1052 4537 1204 4594 ordinetur
1222 4540 1299 4596 nubis
1310 4543 1482 4600 constitutum
1498 4551 1722 4621 comprobamus,
1839 4572 1842 4577 ·

86 4630 165 4707 mulo
186 4626 301 4688 nisurus
315 4628 480 4701 meliciertda
498 4630 575 4694 sunt,
591 4635 730 4698 postquam
745 4627 873 4683 nomena
892 4626 964 4682 eirca
988 4634 1083 4683 notatu
1105 4628 1175 4686 aare
1187 4630 1366 4702 Epistularum
1387 4633 1530 4692 editionem
1550 4639 1595 4696 laic
1616 4643 1724 4712 praemi·

87 4724 211 4783 serimus.

122 4806 263 4882 Principis
271 4796 460 4880 spississim-
471 4806 659 4878 chronologico
674 4805 768 4862 ordine
787 4804 943 4871 consetutu,
959 4810 1006 4861 ca's
1019 4806 1045 4861 in
1059 4812 1175 4877 quatuor
1192 4808 1293 4867 classes
1304 4812 1490 4880 distinximus,
1511 4826 1622 4887 quarum
1639 4823 1726 4890 primu

88 4899 152 4961 illas
160 4898 270 4959 exhibe
283 4900 353 4974 qlrss'
362 4898 524 4971 sumanus
533 4897 650 4953 nemum
660 4897 802 4967 episcopus
814 4894 929 4965 scripsit.
943 4895 1001 4961 Qua
1014 4895 1041 4950 in
1052 4908 1084 4950 re
1095 4897 1270 4966 sugestinum
1281 4901 1367 4970 ipsum
1379 4905 1464 4959 secuti
1474 4912 1609 4962 auctorem
1619 4922 1724 4978 sumus,

88 4995 137 5066 eol
148 4986 413 5052 iunenact'atlttnurii
429 4990 517 5062 priore
542 4989 610 5045 libro
628 4996 661 5044 ca
681 4988 809 5044 dumtaxat
826 4985 963 5042 recensuit
979 4985 1105 5056 op'usesla
1117 4994 1176 5057 quae
1197 4997 1338 5060 antequam
1353 4991 1429 5048 lieret
1442 4995 1582 5064 episeopus
1597 4997 1623 5051 iri
1638 4998 1726 5057 lucem

88 5078 246 5157 protensas.
262 5072 295 5140 l‘n·
308 5083 426 5140 secunda
434 5082 520 5139 classe
531 5076 758 5153 representatum
769 5074 897 5150 lsplst'eiar
908 5076 974 5147 estas
986 5076 1025 5134 ab·
1036 5076 1102 5135 inito
1115 5079 1268 5151 episcopatu
1280 5081 1315 5138 ad
1326 5082 1495 5139 collationem
1506 5092 1567 5141 eum
1581 5088 1726 5151 Donatistis

88 5177 252 5250 Carthagine
261 5176 422 5234 nanenet
430 5174 579 5246 relegente
591 5172 726 5229 nummos
740 5164 894 5227 tattaeus
905 5166 1082 5226 murem
1092 5168 1184 5227 calide.
1195 5171 1226 5227 na
1237 5164 1280 5229 tiis
1292 5173 1364 5229 enim
1374 5173 1482 5231 duobus
1490 5176 1547 5232 site
1559 5178 1725 5253 retegerdis,

89 5272 137 5325 reu
153 5268 317 5340 extirpandis
329 5268 464 5324 erroribus
473 5270 614 5322 mnaumr
622 5254 808 5333 utplurimum
817 5255 860 5316 lite
871 5254 978 5327 liti'ettc,
989 5268 1048 5330 que
1056 5262 1149 5318 enrutit
1160 5262 1250 5331 iulti'a,¹
1259 5268 1426 5334 progressus,
1438 5258 1518 5336 etune
1528 5262 1727 5331 damnationem

90 5368 215 5418 amrtrate
227 5359 391 5417 describunt.
407 5356 504 5414 lerna·
513 5349 695 5428 Epistularum
708 5355 802 5411 classis
814 5360 861 5410 sas
873 5352 1058 5424 complectitur
1068 5366 1135 5424 quas
1149 5352 1184 5408 ali
1197 5366 1230 5408 eo
1244 5359 1364 5425 empore
1375 5352 1403 5413 S.
1416 5354 1513 5410 noctur
1526 5354 1559 5411 aas
1573 5357 1633 5415 altae
1646 5360 1726 5418 auem

90 5459 220 5521 esarartt,
234 5453 331 5524 quinus
344 5451 445 5506 scilieet
455 5456 528 5506 serta
541 5446 644 5519 epoeita
659 5452 746 5519 potest
758 5434 897 5519 assignari.
911 5442 941 5500 la
953 5450 1074 5517 utranam
1088 5434 1195 5500 dunum
1209 5440 1322 5499 classem
1339 5443 1455 5515 reliquas
1470 5446 1607 5516 sargustiul
1624 5449 1726 5509 litteras

89 5544 254 5616 retia-glutus,
271 5550 337 5615 quas
349 5540 454 5612 quidem
465 5536 574 5609 scripsit
583 5537 737 5610 episcopus,
752 5534 824 5597 nulla
837 5542 927 5594 uutsu
938 5534 990 5592 alla
1003 5532 1109 5605 pretist
1119 5533 1245 5605 tempores
1256 5542 1302 5587 ant
1310 5532 1567 5590 circumstantiarum
1577 5543 1649 5605 nuta,
1660 5552 1721 5609 que

330 5633 443 5696 Seuer.
460 5631 601 5693 ausura.
621 5627 662 5690 11.
1244 5706 1254 5712 „
1457 5623 1575 5699 (Uar.)
