3906 6390
249 252 305 311 903
861 237 898 295 s.
918 233 1102 294 cucusum
1121 235 1274 298 er1scon
1861 204 1924 306 eu

247 365 333 438 liqere,
348 359 507 429 manifestum
525 363 572 410 est.
588 351 752 422 Emnqeliunr
766 348 868 419 quidem
881 348 960 414 dicit,
975 367 985 401 s
1002 347 1039 404 lle
1092 359 1163 404 retur
1175 353 1243 422 quod
1254 355 1377 423 scriptum
1390 367 1457 422 erat,·
1469 376 1479 410 r
1493 357 1528 413 le't
1540 359 1672 416 uelociter
1684 359 1916 430 recedifiraberisc

248 457 289 511 slie
301 454 347 509 illa
357 462 380 507 et
394 453 457 505 lrera
470 462 543 502 nenio
554 445 620 499 scit:
637 462 648 496 ι
661 458 707 513 eqo
718 451 801 495 autem
816 457 862 511 pre
874 440 1042 510 possibilitate
1091 442 1180 509 quibru
1194 442 1319 498 destructa
1331 462 1368 500 es.
1383 466 1394 498 ι
1416 448 1485 502 Nam
1499 466 1530 504 er
1545 466 1598 521 quo
1614 450 1826 506 clementissimi
1839 452 1915 523 irnpe-

248 544 386 600 intelleetus
399 540 446 594 nui
457 538 625 605 dico,neqrre
636 532 719 598 diem,
731 546 811 602 neque
824 546 1043 600 mensem,urqtte
1090 542 1189 588 ratores
1206 535 1339 590 cbristlaui
1360 537 1409 592 oet
1430 541 1558 595 nabtmate
1579 558 1642 597 esse
1661 551 1829 614 eoeprnnn
1840 560 1915 613 qen·

246 649 342 689 wicum
360 630 481 685 aduentus
494 626 574 696 ipsius
587 622 646 679 sciri
664 635 757 693 posse:
770 620 815 675 sed
826 621 900 692 siqua
913 635 971 691 quse
983 628 1041 676 utrrt
1091 640 1169 694 quam
1184 628 1307 696 paulatim
1323 629 1396 699 isles,
1409 648 1486 685 eausa
1501 635 1721 704 persecutionis,
1745 636 1916 691 mmebatle

246 723 367 777 maenius
379 716 485 773 ridendo
497 725 521 771 et
533 712 668 776 eredendo,
679 721 703 767 et
712 719 857 781 exspectare
867 726 906 764 rue
917 710 1040 776 conuenit,
1092 713 1196 781 seculo,
1210 717 1285 784 lactis
1299 719 1400 790 reqibus
1409 720 1570 785 (insidiosis,
1583 724 1689 796 ubique
1707 725 1740 779 ln
1764 741 1848 797 pam
1859 737 1916 780 pm.

247 823 271 869 el
291 809 448 866 credentibus
466 823 549 862 eseam
568 807 633 859 lrauc
651 803 803 867 retribuere,
822 810 849 856 ul
871 810 1042 871 ereprcumter
1094 820 1154 874 pore
1167 803 1259 861 Cleriui
1279 806 1445 881 annqelium
1463 813 1615 882 penetrarit.

248 902 355 974 diliqcnt
367 899 501 954 aduentum
513 898 580 965 ejus,
594 895 639 966 qui
652 894 728 958 dimit,
743 911 753 945 t
770 891 831 947 llcc
841 893 927 947 ameria
940 893 1042 946 cunim-
1130 895 1156 948 'l.
1176 893 1312 965 Expositis
1324 915 1385 954 saue
1404 902 1469 954 beati
1488 901 1604 957 Danielis
1627 904 1664 958 de
1687 898 1913 972 Hebdomadibus,

247 994 343 1056 deritis,
352 992 439 1047 scitote
448 989 566 1058 quoniam
582 1002 660 1056 prope
674 993 709 1039 est
723 985 751 1038 in
758 984 857 1054 januis.
869 1001 880 1037 ι
892 983 974 1054 Siqua
983 999 1042 1054 erqo
1090 1000 1169 1055 quarn
1186 986 1224 1041 uir
1237 999 1338 1044 sanctus
1351 992 1536 1064 compresbyter
1550 1005 1643 1050 noster
1664 996 1857 1071 Hieronpmm
1874 1018 1915 1056 a.

246 1085 391 1156 euaaqelicu
402 1091 425 1137 et
436 1079 582 1153 prophetica
591 1092 647 1147 qun
657 1079 684 1130 ia
696 1076 767 1130 rioms
780 1074 982 1146 completarum,
993 1076 1042 1129 nd·
1094 1077 1189 1145 posuit,
1201 1079 1308 1148 qrtaliter
1318 1081 1432 1137 docteres
1445 1083 1621 1141 Ecclesiarum
1637 1089 1832 1153 tradidissem,
1843 1093 1914 1147 lene·

174 1174 177 1181 ’
247 1186 346 1233 uentum
360 1174 463 1228 llantini
476 1172 647 1241 nraaisestant.
666 1167 735 1222 Nanr
750 1168 902 1237 [rustraaut
915 1169 959 1236 qui
970 1183 1042 1238 qute-
1092 1183 1147 1222 ren
1158 1170 1298 1240 suspendit.
1316 1171 1915 1255 Nemslipsedoctissimuroircomprerbyur

248 1276 323 1334 runt,
336 1277 381 1320 aut
390 1266 433 1335 qui
446 1263 633 1318 calumniantur
644 1303 651 1327 ,
664 1262 718 1316 dies
737 1270 761 1315 et
780 1276 860 1314 annes
878 1260 905 1313 in
925 1269 1043 1330 computo
1094 1267 1178 1314 nuder
1190 1262 1225 1314 ait
1237 1263 1404 1332 periculorum
1416 1268 1511 1321 esse'dc
1525 1270 1721 1340 uraqr'strerum
1738 1272 1913 1330 Ecclesimn

248 1355 457 1430 comprehendere
470 1362 585 1424 qrscerunt
595 1392 603 1417 ,
614 1367 670 1405 cam
685 1351 809 1419 scriptum
822 1350 855 1404 sit
866 1391 874 1417 ,
887 1349 946 1420 quie
967 1366 977 1400 s
993 1350 1042 1402 nisi
1089 1348 1208 1419 judicare
1222 1354 1365 1419 sententiis,
1380 1364 1403 1408 et
1421 1356 1526 1411 alteruru
1546 1362 1676 1431 prceserre
1696 1361 1805 1430 ulteri,·
1823 1378 1913 1435 quanm

248 1449 384 1504 abbreviati
398 1447 502 1517 luissent
514 1446 567 1499 dier
579 1445 627 1508 illi,
640 1461 691 1498 uon
704 1445 773 1512 fieret
785 1442 855 1497 salua
869 1443 950 1495 omnis
963 1456 1043 1495 cara:
1094 1441 1175 1511 maqis
1187 1441 1235 1496 boe
1249 1443 1326 1496 lector
1339 1444 1421 1513 lacem
1431 1462 1482 1501 non
1493 1457 1584 1518 polest,
1597 1450 1673 1519 quod
1687 1453 1823 1524 maqister
1835 1455 1914 1525 smne

248 1541 293 1596 ted
304 1530 1041 1610 prepterelectesbreviabunturdiesillir(blatt.xxrr,5b,
1092 1530 1237 1586 dubitauit!
1260 1532 1316 1589 Nor
1341 1544 1424 1590 autem
1448 1538 1574 1593 eredimus
1600 1541 1677 1611 qnod
1703 1525 1844 1601 Donum
1864 1548 1913 1602 nn:

180 1696 185 1707 „
248 1635 295 1699 bb,
308 1630 365 1703 22).
381 1629 481 1684 Certum
496 1637 532 1682 eet
546 1638 643 1697 terripus
659 1642 744 1679 carere
762 1632 879 1695 campulo
891 1663 898 1688 ,
909 1623 977 1694 quad
986 1622 1043 1677 bre·
1098 1637 1107 1673 ι
1119 1619 1184 1685 Quia
1196 1623 1286 1677 culum
1299 1632 1323 1679 at
1342 1633 1410 1680 terro
1424 1628 1564 1694 imminet:
1575 1630 1632 1686 iota
1650 1643 1750 1688 autem
1764 1652 1864 1704 unum,
1877 1639 1913 1693 rel

248 1721 369 1781 claudetur
378 1729 413 1775 est
426 1736 443 1773 a
457 1718 578 1782 Dourine,
593 1717 636 1786 qui
650 1725 765 1786 tempora
781 1713 928 1778 constituor
947 1729 1043 1783 appro-
1094 1726 1287 1780 unusapceueu
1298 1716 1400 1770 nannet
1410 1716 1698 1789 abeqe,donecomnia
1705 1725 1794 1794 fiante
1804 1728 1910 1800 (blatii.

250 1815 384 1888 pinqunsse
400 1821 482 1864 autem
498 1808 629 1863 adrentum
644 1808 715 1878 qus,
737 1805 810 1876 cujus
830 1804 902 1875 siqna
923 1803 1043 1858 aduentus
1095 1815 1122 1869 r,
1140 1800 1193 1871 18).
1215 1802 1347 1868 Quomodo
1368 1823 1427 1878 erqo
1449 1809 1597 1879 mpsterium
1616 1812 1867 1874 liebrlornadururn
1883 1824 1912 1876 sit

248 1905 334 1974 aliqum
348 1901 460 1956 uldmrus
472 1915 503 1952 re
513 1900 545 1952 iis
559 1912 617 1970 quae
630 1899 697 1965 [treta
711 1903 779 1959 suut,
795 1910 849 1948 essa
868 1892 1000 1963 conrpleta,
1019 1901 1043 1946 et
1094 1888 1225 1958 impletum
1238 1896 1361 1962 usquead
1376 1898 1529 1954 nativitatem
1541 1909 1565 1956 el
1576 1903 1737 1972 passionem
1746 1907 1860 1976 Cbrirti,
1871 1913 1913 1965 ad-

247 1995 338 2049 iterum
349 1993 427 2047 dicit:
442 2010 451 2044 ι
468 1989 515 2044 llis
528 1999 612 2042 autem
622 1988 677 2056 peri
691 1985 878 2056 incipientibus,
889 1983 1043 2054 resonabilis
1095 1978 1193 2046 miron·
1206 1997 1264 2037 curu
1276 1983 1342 2038 illud
1354 1985 1382 2039 in
1403 1987 1508 2043 clirrridio
1521 1989 1697 2050 bebdomedae
1714 1995 1858 2069 Propheta
1876 2004 1912 2056 le·

248 2093 271 2138 et
283 2083 394 2137 tenebitis
414 2081 498 2150 capita
518 2088 599 2132 uestro
611 2118 618 2141 ,
631 2076 750 2146 queniam
767 2072 979 2144 appropinquabit
1001 2090 1041 2126 re·
1094 2071 1383 2137 cornewalenses«
1397 2073 1430 2130 ln
1443 2077 1548 2135 dimidia
1559 2082 1742 2141 lrebdonradoe
1757 2089 1865 2145 tolletur
1873 2109 1912 2145 sa·

248 2176 358 2247 deurptic
376 2184 465 2228 restra.
478 2191 489 2223 ι
515 2169 580 2234 Quce
590 2167 679 2221 'antem
690 2167 763 2238 siqua
775 2165 841 2219 dicit
855 2165 972 2232 eidurda,
986 2182 1040 2219 ma-
1094 2159 1219 2228 orificium
1233 2179 1325 2230 meunt,
1341 2174 1364 2218 et
1384 2169 1549 2238 supplicatio,
1566 2171 1770 2231 desolationum
1787 2180 1911 2243 inuenta-s.

246 2267 366 2337 nilestanr
380 2273 415 2318 est
435 2263 460 2316 iu
478 2259 617 2332 Euarrqelia
631 2258 712 2311 sarrcti
726 2256 802 2309 Luca
814 2271 843 2307 :s
857 2254 890 2309 Et
900 2255 1044 2310 Jerusalem
1095 2256 1119 2302 tl
1131 2248 1166 2302 td
1177 2252 1329 2324 sacrificium
1340 2254 1515 2312 abominatio»
1534 2258 1619 2332 (Dan.
1631 2279 1674 2330 rx,
1685 2265 1753 2338 27).
1771 2268 1842 2325 llaec
1859 2289 1913 2347 erqo

248 2357 385 2411 calcabitur
402 2372 418 2407 a
438 2353 569 2424 qentibus,
583 2350 663 2404 donec
684 2347 837 2419 impleantur
851 2358 963 2418 temporo
981 2364 1042 2419 qen·
1095 2338 1247 2395 ‘tbvmt'uttlio
1261 2343 1350 2414 etjam
1371 2349 1493 2418 completa
1508 2350 1608 2419 sumat,
1622 2359 1766 2425 quomode
1787 2359 1914 2418 Dandnus

248 2449 320 2502 tinne.
333 2465 343 2498 ι
362 2445 417 2500 llee
430 2448 525 2515 sactum
538 2450 585 2509 est,
598 2450 620 2495 et
635 2440 691 2510 fieri
704 2438 767 2492 nulli
782 2437 884 2491 dubium
894 2447 942 2491 est.
957 2436 990 2491 Et
1001 2438 1042 2491 in·
1096 2440 1178 2483 utanet
1190 2440 1213 2484 et
1234 2432 1294 2503 dicit
1308 2449 1318 2487 .·
1331 2453 1340 2486 ι
1351 2433 1415 2490 Cum
1428 2437 1538 2495 videritis
1560 2438 1797 2507 abominationem
1818 2453 1915 2510 danin-

247 2540 359 2610 sequitur
371 2553 401 2591 :a
413 2536 446 2590 Ει
460 2542 531 2589 munt
544 2534 616 2603 siqua
630 2531 741 2597 inscie,
757 2539 779 2583 et
793 2530 869 2597 luua,
880 2537 904 2583 et
915 2528 942 2582 in
954 2527 1042 2592 stellis,
1096 2521 1180 2587 tinnis,
1191 2524 1259 2592 tltwd
1273 2524 1368 2580 dictum
1383 2538 1418 2583 est
1435 2547 1479 2600 per
1499 2530 1635 2589 Derriielem
1649 2543 1837 2612 proplietam,
1848 2556 1914 2601 ston-

250 2639 276 2684 et
288 2631 315 2683 in
333 2638 399 2682 terra
411 2640 528 2697 pressura
541 2623 660 2694 peullam,
676 2639 686 2674 ι
710 2619 749 2673 Εα
762 2635 819 2690 quae
838 2618 948 2690 patimur
964 2620 1045 2688 confi·
1097 2621 1146 2667 tent
1160 2613 1185 2668 ln
1197 2615 1253 2671 loco
1271 2629 1357 2673 sancto
1369 2662 1376 2687 ,
1390 2622 1432 2691 qui
1451 2623 1526 2699 beqit,
1538 2626 1669 2699 intelliqat
1682 2648 1696 2685 ι
1714 2633 1834 2704 (naras.
1845 2654 1913 2703 un,

250 2719 298 2773 teri
315 2728 338 2772 et
351 2732 424 2788 prena
438 2713 607 2784 compellit,si
622 2713 687 2784 [orte
698 2727 748 2766 aen
761 2720 829 2764 curet
840 2712 956 2765 voluutas
966 2726 976 2763 .·
986 2726 1045 2764 uam
1098 2706 1130 2761 15
1141 2707 1176 2775 )1
1196 2707 1251 2780 qu
1273 2721 1356 2766 auteur
1378 2730 1408 2766 ue
1424 2715 1551 2785 petitionis
1569 2716 1757 2779 Beatitudiuis
1781 2736 1837 2782 tuae
1859 2746 1915 2783 corr·

248 2811 276 2864 ln
287 2825 339 2861 nne
352 2815 463 2877 tempere
481 2813 504 2857 et
523 2803 595 2873 siqua
607 2803 633 2856 in
652 2803 724 2866 rulo,
740 2809 763 2855 ct
775 2818 918 2874 presurram
931 2802 1043 2873 qentium
1096 2808 1204 2872 temptor
1212 2817 1299 2869 cuent,
1310 2805 1363 2858 lra‘c
1373 2807 1581 2877 queamdmodum
1592 2812 1678 2877 scusi,
1687 2817 1793 2889 scripsi
1804 2819 1843 2873 ad
1849 2829 1915 2874 tuan

248 2901 276 2954 in
285 2898 357 2953 terrie
364 2895 395 2949 ab
401 2893 543 2949 bominibus
551 2893 628 2947 uideri
635 2901 658 2945 et
664 2892 779 2946 sustineri
786 2893 946 2964 montisestam
953 2891 1043 2966 estla).
1096 2887 1259 2946 Cbaritotem.
1272 2893 1376 2948 Plenius
1385 2906 1468 2950 autent
1480 2897 1586 2970 diqnare
1598 2916 1647 2956 tras
1663 2904 1747 2961 rerba
1757 2910 1857 2980 qratioe
1866 2919 1913 2964 tuse

250 2988 285 3044 tu
299 2987 458 3058 insequitur:
473 3002 484 3036 a
496 2983 670 3039 irruentibus
684 2981 827 3037 bominibus
840 2998 894 3054 prae
905 2983 1007 3052 timere,
1020 2992 1044 3037 et
1095 2981 1254 3038 rescribendo
1267 2985 1391 3041 instruere
1407 2997 1430 3043 et
1444 2988 1583 3060 letificare.

249 3078 434 3152 suspectatione
444 3090 500 3146 qua
516 3074 689 3146 supervenient
701 3073 818 3128 oniense
830 3072 894 3127 orbi.
911 3091 921 3126 ι
938 3071 1044 3128 Nullam
1301 3074 1468 3135 EPISTOLA
1486 3079 1591 3137 CXClX
1611 3086 1621 3108 ·
1642 3085 1699 3160 (a).

246 3169 375 3240 patrima,
390 3164 492 3221 nullum
504 3171 589 3218 tecum
607 3163 699 3217 nestris
718 3162 871 3233 temporibus
892 3179 943 3218 non
955 3164 1042 3235 alpini,
1350 3183 1383 3221 as
1395 3183 1456 3225 erue
1469 3183 1567 3226 secam
1582 3171 1633 3246 (b).

245 3268 293 3313 out
307 3255 436 3313 lrumiliari
447 3264 545 3309 certam
554 3262 600 3322 est,
611 3253 676 3308 elcut
688 3253 783 3308 dictum
794 3263 841 3319 ert,
857 3272 868 3305 ι
879 3269 934 3325 prce
943 3255 1042 3320 timore,
1095 3248 1251 3322 inquilinus
1264 3252 1399 3326 llerqclcio,
1408 3270 1608 3316 rorumoustraur
1616 3269 1760 3334 quomedo
1773 3271 1830 3327 sint
1839 3274 1910 3330 intel.

247 3359 271 3405 et
287 3347 471 3420 exspectatione
489 3360 546 3418 quae
562 3346 734 3417 sripnmaieut
746 3346 861 3401 unirerro
872 3347 926 3401 arbi
939 3365 949 3400 ι
960 3346 1040 3421 (buc.
1131 3342 1232 3415 liqensa
1253 3344 1394 3417 Scriptura·
1412 3349 1468 3402 loca
1486 3366 1543 3422 quar
1563 3353 1633 3409 uarie
1647 3354 1805 3430 loquuntur
1818 3365 1851 3421 ele
1863 3366 1909 3433 plne

245 3438 407 3512 serat-28)
425 3456 433 3494 ε
447 3447 470 3494 et
484 3439 568 3493 emnia
580 3438 663 3509 siqua,
678 3454 736 3509 quse
748 3439 863 3509 ruperim
878 3437 1043 3509 Enenqelium
1130 3437 1232 3503 seculi,-
1241 3436 1357 3511 quodque
1370 3451 1472 3512 prestat
1486 3459 1536 3497 neu
1549 3443 1682 3515 inquirere
1693 3460 1806 3524 tempus
1816 3456 1907 3512 edm

246 3531 384 3607 tepentibus
396 3531 551 3602 manifestat,
568 3545 600 3584 ea
611 3529 723 3584 macima
737 3538 808 3599 parte
821 3530 944 3600 contpleta
955 3538 1023 3584 runt.
1132 3534 1173 3582 tus
1186 3525 1288 3593 Cirristi,
1299 3529 1343 3585 sed
1354 3530 1400 3583 liae
1412 3541 1522 3604 opereat
1535 3536 1716 3610 unusquisque
1728 3543 1768 3596 nd
1782 3547 1906 3621 0159}st

282 3624 309 3679 6.
330 3623 404 3691 Quod
425 3631 511 3677 autem
531 3620 627 3675 dictum
649 3628 703 3687 est,
716 3637 727 3671 a
742 3619 775 3673 tu
797 3620 976 3691 medicabitur
996 3620 1043 3675 bac
1130 3616 1190 3670 dum
1202 3617 1275 3673 illum
1287 3619 1318 3672 sit
1329 3629 1441 3690 paratus.

247 3715 413 3787 Euanqeliem
431 3715 458 3768 in
473 3714 587 3767 anirum
606 3711 702 3765 mundo
714 3750 722 3777 ,
736 3718 759 3765 et
780 3721 839 3765 tene
860 3712 941 3765 reniet
958 3711 1039 3780 finiar
1095 3707 1208 3762 Dourion
1220 3707 1385 3775 beatissimo,
1397 3721 1424 3765 et
1433 3712 1621 3769 mensurabiliter
1630 3718 1821 3789 suspiciendo
1835 3722 1903 3780 leniri

243 3805 354 3877 lbettlr.
366 3822 447 3872 xxiv,
459 3802 520 3878 ll);
536 3803 646 3875 primam
663 3803 730 3868 qued
742 3803 822 3873 ipsius
838 3801 942 3857 bennui
956 3819 1043 3874 repra·
1130 3807 1157 3854 ct
1167 3800 1325 3870 coepiscopo
1337 3800 1480 3871 llesrcuro,
1494 3802 1675 3873 incusemus,
1690 3809 1718 3864 in
1728 3811 1856 3885 Domine
1864 3830 1903 3869 sa·

243 3901 332 3953 missio
347 3899 405 3952 talis
419 3899 476 3967 luit,
490 3906 518 3950 ut
532 3897 582 3965 ipsi
593 3894 707 3965 Apostoli
729 3895 784 3964 ejus
800 3896 908 3950 maurinis
920 3905 943 3950 et
956 3913 1041 3950 resur-
1128 3890 1222 3946 lutem.

246 3989 363 4043 rectionis
377 3996 449 4041 testes
462 3987 549 4056 fierent
561 3987 588 4040 in
612 3984 764 4049 Jerusalem,
778 3993 800 4038 et
818 3986 845 4038 in
862 3984 965 4053 iudaea,
979 3996 1002 4040 er
1015 3987 1042 4041 in
1129 3978 1242 4035 CAPUT
1252 3980 1466 4040 rutulum-t.
1477 3985 1574 4055 Accepi
1588 3984 1695 4045 litteras
1705 3991 1898 4054 venerationis

247 4077 377 4143 Samaria,
391 4087 415 4131 et
430 4092 508 4146 usque
520 4076 554 4127 ed
565 4084 706 4129 extremum
719 4083 801 4139 terre,
815 4084 839 4127 er
849 4075 983 4144 Apostolus
995 4076 1043 4132 bac
1095 4081 1160 4138 tuse,
1175 4073 1272 4143 quibus
1289 4072 1366 4128 valde
1384 4074 1526 4131 salubriter
1537 4077 1691 4138 exhortaris
1704 4092 1738 4138 ut
1750 4085 1898 4144 salvatoris

243 4167 395 4222 anctoritate
406 4166 477 4221 decet
490 4181 499 4220 .·
511 4184 522 4218 ι
540 4164 594 4221 Sed
604 4164 673 4231 dieo,
687 4164 810 4245 numquid
822 4181 872 4219 nen
885 4165 1042 4222 audierunt?
1094 4162 1177 4218 nostri
1191 4161 1315 4234 diligatur
1327 4174 1354 4219 et
1368 4164 1534 4221 desideretur
1547 4166 1690 4227 aduentus.
1705 4173 1792 4233 Facis
1805 4177 1858 4235 hoc
1871 4188 1898 4233 ut

246 4258 279 4315 ln
291 4275 389 4313 oscinem
404 4267 496 4314 terrant
508 4257 583 4312 eriait
597 4272 673 4312 cerrus
693 4272 797 4325 eorsum,
811 4268 834 4312 et
852 4258 878 4312 iu
891 4259 954 4327 pines
975 4259 1041 4316 urbis
1094 4267 1189 4335 servus
1198 4253 1283 4309 botrus
1294 4253 1413 4325 ejusaem
1427 4255 1635 4326 putrislamiliss‚
1646 4262 1747 4320 avidus
1761 4267 1895 4325 lucrorum

246 4348 399 4404 terrereris
409 4364 496 4404 eorum
506 4367 517 4399 ι
529 4347 655 4416 (Roma,
665 4347 720 4418 18).
737 4344 803 4401 ltem
815 4363 824 4401 .·
836 4365 845 4399 ι
856 4347 1041 4421 Propterspem
1095 4346 1198 4401 Domini
1214 4349 1267 4414 tui,
1284 4358 1312 4404 et
1332 4350 1426 4405 valens
1448 4351 1547 4407 babere
1569 4352 1702 4431 plurimos
1720 4361 1816 4419 socios
1828 4363 1895 4420 dile·

245 4458 302 4512 quae
315 4442 425 4510 reposita
437 4451 474 4495 est
487 4440 567 4507 rens,
577 4455 653 4512 quarn
665 4449 723 4494 ante
737 4440 842 4496 audistis
857 4441 883 4495 iu
895 4442 967 4496 uerba
976 4442 1041 4497 veri·
1093 4436 1190 4492 ctionis
1209 4454 1260 4509 qao
1282 4439 1338 4510 ipse
1359 4442 1492 4512 praecipue
1503 4451 1531 4498 ct
1543 4455 1755 4516 perseveranter
1767 4452 1895 4509 accende-

245 4533 304 4588 ran'r
317 4531 467 4603 lironqelii,
489 4531 556 4602 qued
574 4531 674 4585 aduenit
695 4533 869 4592 incrustent
888 4543 911 4587 et
933 4534 959 4587 r'n
972 4536 1041 4590 omns·
1093 4528 1140 4584 ris.
1156 4527 1291 4587 intuentes
1306 4531 1384 4602 igitar
1393 4532 1464 4604 quael
1474 4539 1691 4593 commemorasti
1702 4539 1741 4597 dc
1750 4544 1892 4614 Apostoie,

244 4624 385 4679 monloest
398 4624 553 4696 fructificans
566 4632 590 4679 et
602 4622 852 4694 crescensswaloss.
864 4624 1040 4696 r,5,li).see
1091 4619 1154 4691 quis
1174 4620 1314 4675 Dominum
1337 4621 1404 4678 elisit
1424 4624 1588 4682 redditurum
1609 4641 1742 4686 coronam
1762 4633 1892 4706 iustitie,

244 4716 275 4771 ab
291 4717 416 4789 Apostolis
429 4717 544 4771 nuntiata
559 4717 567 4749 ¹
583 4716 647 4785 fides
668 4717 695 4770 in
707 4716 830 4787 pentibus,
849 4716 936 4772 babuit
948 4719 1040 4798 multos
1092 4727 1145 4766 non
1168 4721 1270 4768 lautum
1289 4713 1356 4781 sibi,
1370 4715 1418 4770 sed
1432 4726 1459 4771 et
1473 4718 1597 4777 omuibus
1607 4720 1653 4790 qu
1666 4721 1787 4796 (lilinum
1807 4730 1891 4784 nutri·

244 4816 423 4879 persecutores,
434 4816 461 4862 ut
473 4817 570 4862 retenta
580 4808 677 4863 tardius
688 4808 860 4874 incalesceret,
874 4818 900 4863 ut
913 4810 978 4865 illud
989 4811 1038 4866 im·
1093 4801 1263 4860 fflslbilffleffl
1278 4804 1335 4874 ⁰1⁰⁸
1351 4806 1383 4879 (ΙΙ
1400 4806 1465 4862 Tim·
1480 4825 1516 4878 iv,
1530 4809 1571 4880 8),
1590 4810 1714 4872 inrecte
1724 4817 1855 4889 virimuS,
1867 4830 1892 4877 el

245 4899 364 4969 peretur,
378 4916 388 4950 ι
400 4899 464 4952 Aule
482 4900 536 4953 brec
555 4901 651 4966 onrrria,
667 4900 774 4968 primunr
788 4901 815 4954 iu
829 4916 975 4956 normanus
989 4903 1038 4956 iru-
1092 4891 1118 4947 iu
1140 4893 1192 4949 boc
1209 4893 1307 4950 soeculo
1319 4906 1441 4967 unquam
1455 4900 1589 4973 peregrim
1602 4902 1727 4975 egimus,
1742 4923 1807 4967 cunr
1820 4926 1853 4969 se
1866 4928 1890 4967 ur

244 4991 341 5043 nritteut
359 5005 428 5055 suas,
443 4998 467 5042 er
479 4998 664 5059 persequentur,
674 4999 698 5043 et
713 4990 811 5045 tradent
830 5006 872 5044 ees
888 4991 915 5045 in
927 5008 1038 5062 spnaqe-
1092 4985 1141 5042 ime
1155 4986 1297 5043 dilectione
1309 5004 1356 5044 car
1366 5001 1485 5046 nostrum
1500 4993 1807 5062 proicienterexleudit
1816 5019 1825 5069 ;
1835 5005 1891 5074 sire

244 5094 290 5148 pas
310 5089 334 5134 et
356 5079 383 5133 in
404 5079 539 5143 eumadias,
558 5079 675 5134 ducentes
688 5080 723 5132 ad
736 5096 805 5149 repes
822 5089 845 5134 et
859 5079 895 5132 ad
907 5081 1036 5149 presides,
1122 5119 1132 5138 .
1148 5126 1212 5170 mm
1221 5121 1404 5172 mmmm
1413 5122 1443 5172 ,p
1453 5136 1477 5172 a,
1489 5123 1531 5187 bg,
1542 5123 1576 5173 hp,
1585 5137 1609 5175 ο,
1621 5139 1656 5176 ω,
1669 5128 1709 5178 ὼ,
1719 5130 1749 5181 ff·
1759 5146 1786 5196 3·
1796 5147 1840 5199 33·
1852 5149 1890 5198 g„

245 5179 348 5239 propter
360 5185 451 5224 nomen
464 5185 546 5222 meum
563 5188 572 5221 ι
586 5168 662 5239 (buc.
676 5186 732 5236 ιιι,
745 5170 809 5244 lii:
826 5171 930 5226 utillud
947 5171 1039 5243 imple-
1088 5181 1144 5292 qna.
1153 5182 1252 5292 &1qu
1264 5195 1300 5231 rc.
1312 5182 1374 5233 duos
1387 5184 1429 5233 hu.
1442 5184 1503 5236 duos
1512 5198 1534 5235 c.
1554 5187 1615 5238 auus
1633 5194 1652 5240 t.
1672 5200 1783 5255 mutum
1799 5211 1825 5247 v.
1841 5208 1891 5248 m.

278 5301 288 5333 Ι
303 5306 358 5352 'S-
369 5300 418 5394 dub?
429 5300 503 5350 b'abbssu
517 5306 543 5350 eb
554 5313 640 5394 011111ῗὸ
650 5301 731 5394 1331110.
740 5314 789 5394 [bilo
803 5310 917 5397 excebbwq
932 5302 1035 5356 wilm·
1121 5326 1158 5389 (ss)
1169 5325 1231 5376 Alias
1240 5325 1271 5377 80
1282 5340 1288 5376 ξ
1298 5340 1354 5391 quae
1365 5336 1448 5379 amem
1457 5329 1502 5380 ¹99
1513 5338 1575 5391 epa,
1584 5344 1648 5383 mmo
1660 5332 1717 5386 m·
1731 5341 1828 5404 scripu
1840 5347 1893 5404 ¹⁰52

269 5381 313 5489 qq)
325 5381 556 5493 ιειρὶιὶιίέοὲιιιιῖἱὸ
568 5382 897 5496 1ιιιιι1,ιιιιιξιιιιιὶῖιὶιέδι11ιιτιιωιᾶ>1ιέι
903 5385 1036 5496 (ἒιῗξῗιιξιιιι3
1089 5400 1301 5462 sirpeuorempnn.
1318 5389 1372 5440 119.
1472 5453 1477 5462 Ι
1524 5453 1529 5463 Ι
1669 5457 1700 5480 ·.-
1808 5463 1815 5474 ³

245 5454 270 5502 qr
281 5456 319 5491 cm
336 5456 399 5493 ariao
454 5478 462 5503 ‚
500 5457 514 5493 e
566 5461 575 5507 p
603 5457 619 5494 u
637 5457 666 5493 eo
703 5481 718 5506 ι,
755 5458 770 5494 e
792 5459 809 5508 p
852 5460 867 5495 u
958 5461 1035 5510 ores,
1121 5449 1158 5512 (b)
1173 5456 1231 5498 cum
1246 5449 1335 5499 lilinum
1357 5451 1446 5515 ederet
1456 5464 1597 5502 vrcesunum
1607 5453 1641 5505 de
1651 5463 1759 5511 &simle
1770 5469 1827 5523 ner,
1838 5476 1891 5526 etp.

246 5515 369 5567 quemque
384 5504 578 5555 «mendacius
597 5512 749 5563 wencrest,
764 5509 799 5556 uti
810 5508 894 5558 scribit
908 5505 1037 5559 rnilasur-
1088 5511 1114 5570 5,
1127 5511 1239 5561 meminit
1256 5510 1367 5573 epistole
1389 5513 1470 5577 hujus,
1492 5526 1586 5586 «prum
1607 5519 1737 5582 rescripsi,
1747 5523 1830 5634 iffiq'sir
1862 5526 1890 5574 se

244 5584 251 5601 ι
272 5565 378 5623 plumat
389 5563 518 5616 inultorum
529 5565 651 5640 bominum
669 5565 820 5632 aliorumque
841 5567 979 5620 anuinium
1000 5572 1037 5620 ln-
1093 5572 1195 5621 «beatae
1211 5575 1336 5644 memoriae
1348 5574 1578 5686 rimrmtteqqehmm
1590 5575 1738 5632 §mensuum
1808 5563 1891 5650 s'epi-

244 5645 254 5673 ι
276 5632 369 5674 suetam
380 5628 470 5690 ubique
482 5634 585 5676 mortem
596 5626 724 5677 inferret.»
1093 5650 1105 5680 a
1116 5646 1228 5696 scapum,
1241 5646 1311 5699 cupas
1322 5636 1431 5697 epistolae
1442 5643 1471 5687 ut
1497 5650 1526 5687 us
1536 5644 1583 5700 est,
1593 5637 1626 5690 (le
1636 5641 1696 5695 tine
1706 5643 1829 5697 scendi·
