3906 6390
350 371 444 572 s.
475 311 881 568 nussam
915 303 1531 558 auersum*

579 648 955 740 HIPPONENSIS
972 644 1234 735 EPISCOPI

586 819 1213 992 EPISTOLAE
1366 975 1369 980 ,

807 1089 989 1153 SECUNDUM

178 1334 182 1345 ,
230 1256 490 1334 ultitimum
512 1244 820 1322 TEMPORUM
850 1239 989 1311 Nunc
1018 1235 1245 1306 PRtMttnt
1276 1232 1596 1318 DiSPOSi‘l'AE,

535 1401 588 1466 ltu
608 1393 797 1473 Quttuos
817 1390 857 1452 itt
878 1385 1044 1451 CLASSES
1063 1383 1245 1451 DiGESTAE

765 1531 1003 1620 mmm.

93 1703 177 1753 cissos
184 1708 192 1749 t
200 1699 306 1751 mutiret
316 1692 429 1759 epistolas
436 1702 496 1755 quas
506 1687 601 1751 scripsit
611 1685 716 1734 nondum
728 1676 899 1744 episcopusab
907 1687 970 1726 anno
978 1673 1061 1747 curisti
1073 1673 1186 1748 rrdrbcet
1195 1669 1243 1723 386
1251 1673 1280 1724 ad
1290 1674 1344 1723 505.

139 1788 169 1800 -
184 1769 211 1822 u,
221 1773 282 1824 qnas
292 1758 419 1820 episcopus
429 1760 485 1802 ante
495 1749 647 1801 coitationem
657 1744 869 1806 carthaginensem
878 1750 932 1794 cam
945 1743 1070 1784 bonatista
1079 1737 1192 1795 mbram,
1203 1741 1229 1784 et
1239 1743 1296 1784 ante
1308 1735 1429 1785 detectam
1439 1736 1463 1785 in
1472 1734 1548 1786 niriea
1557 1735 1644 1801 t‘eiagi
1657 1739 1708 1793 na.

246 1821 320 1870 resim
330 1817 376 1868 scri
389 1817 433 1871 sit,
446 1813 476 1861 ab
486 1808 600 1859 annobud
610 1805 639 1855 ati
651 1804 704 1855 tto.

138 1909 170 1919 -·
185 1889 219 1942 ut,
230 1893 290 1944 quas
299 1878 354 1938 scri,
362 1884 394 1946 stt
401 1873 496 1946 reliquo
507 1873 562 1944 sitae
572 1876 691 1940 tempzre,
703 1865 734 1915 ab
745 1875 807 1913 anuo
816 1857 901 1931 mad
911 1856 964 1906 ibo.

136 1968 168 1985 «-
183 1950 219 2004 tr,
228 1938 353 1992 moralias
363 1949 416 2000 ipsu
428 1942 501 1986 etum
512 1942 625 1995 episcopo
634 1935 735 1990 scriptas
744 1937 807 1986 comp
814 1920 919 1978 iscutm,
930 1931 1031 1980 quarum
1042 1923 1137 1979 tempus
1147 1916 1225 1972 minus
1235 1920 1393 1976 compertum,

748 2042 1054 2099 ww

568 2173 842 2291 ‘PRIMA
879 2167 1199 2282 caussis,

302 2371 465 2439 snsronn
486 2366 610 2424 rnrna·
630 2361 676 2433 (ι).

97 2491 237 2554 Consilium
250 2489 329 2558 operit
347 2483 501 2554 Augnuinur
520 2491 622 2535 ecorum
640 2473 760 2532 librorum
775 2468 805 2522 de
818 2466 883 2521 rico·

133 2578 250 2643 danicis,
273 2587 296 2632 et
316 2572 544 2642 Hernrogeniomtm
564 2562 711 2620 micernium
725 2567 796 2630 rogat
809 2556 840 2619 de
854 2571 883 2609 eo

132 2670 200 2739 guod
210 2668 256 2722 sub
274 2665 349 2735 fierent
362 2661 426 2716 tertii
438 2659 494 2713 iiiri
508 2656 539 2718 rie
552 2653 640 2713 iisdem
657 2648 812 2722 piriiotopiris
825 2661 869 2714 pro

134 2756 268 2820 nunuuut't.

298 2871 501 2920 usnuoosnurto
518 2866 688 2911 aucusrmm.

136 2977 160 3030 i.
180 2962 350 3029 Academicos
371 2984 436 3039 ego,
459 2981 492 3022 no
516 2965 584 3021 inter
604 2959 745 3032 jocandum
759 2956 881 3027 rpnidcm,

102 3081 217 3136 unquam
230 3064 359 3119 lacessere
372 3059 495 3114 auderem
510 3073 517 3110 :
533 3053 638 3124 quoodo
655 3051 725 3107 enim
741 3065 783 3104 mc
796 3057 882 3103 tanto·

104 3138 165 3211 mni
175 3158 290 3211 virorum
304 3167 356 3207 non
370 3154 489 3205 moneret
507 3145 665 3208 auctoritas,
680 3141 730 3198 nisi
743 3155 789 3195 cos
806 3149 883 3209 pota·

102 3261 159 3302 rom
174 3245 251 3313 longe
265 3244 292 3296 in
310 3241 378 3306 aiia,
400 3251 479 3308 quam
491 3234 570 3304 suigo
581 3230 710 3288 creditum
723 3236 778 3295 cst,
802 3227 884 3282 fuisso

100 3332 249 3390 sententiat
271 3330 358 3397 Quare
378 3327 466 3398 potins
486 3339 533 3380 eos
552 3321 668 3378 imitatos
684 3333 744 3375 sum
756 3324 884 3388 qnantum

101 3424 170 3477 uuicti
180 3463 187 3489 ,
198 3436 276 3492 quarn
288 3417 450 3487 expugnavi,
465 3414 535 3484 qtmd
549 3413 658 3467 omniuo
672 3424 723 3464 non
737 3409 822 3463 taieo.
837 3406 883 3461 ut-

101 3512 178 3566 dctnr
197 3510 267 3563 enim
290 3507 354 3560 nribi
367 3505 432 3559 satis
444 3501 597 3569 congruisse
616 3497 794 3565 temporibus,
816 3494 885 3555 utsi

101 3599 164 3671 quiid
178 3599 311 3651 sincerum
331 3592 365 3648 dc
387 3590 458 3645 iontc
473 3587 606 3644 Pictonico
620 3585 729 3648 ureret,
744 3584 813 3638 inter
825 3597 885 3638 um·

102 3693 181 3746 brosa
193 3696 219 3743 et
233 3687 338 3755 spinosa
352 3683 456 3735 dunteto
471 3677 559 3747 pitius
569 3675 595 3729 iri
605 3674 750 3745 pastionem
763 3673 771 3703 ¹
784 3672 887 3742 paucis·

102 3782 228 3834 simorum
244 3774 378 3829 bominum
393 3770 551 3832 duceretur,
566 3779 644 3835 quam
666 3769 815 3833 peraperta
827 3774 886 3814 ma·

103 3884 187 3930 narn,
219 3863 378 3920 irruentibus
407 3860 504 3929 passion
532 3855 691 3928 pecoribus,
711 3852 783 3907 nulio
808 3849 887 3907 modo

105 3966 194 4026 posset
205 3953 333 4024 liquidum
345 3962 491 4022 purumque
503 3945 612 4000 serrari.
627 3941 696 4010 putu
707 3941 777 3996 enim
789 3953 887 3995 convc-

105 4046 220 4100 nicntius
235 4043 322 4112 pecori
331 4051 382 4105 est,
396 4052 473 4107 qnam
487 4034 571 4105 putari
583 4033 801 4099 aninramcorpus
810 4028 888 4084 esse?

104 4135 203 4191 Contra
222 4130 370 4202 hujusmodi
388 4127 508 4181 immines
526 4125 620 4194 opinor
637 4137 686 4195 ego
698 4121 770 4176 iiiam
790 4119 889 4176 uuiitcr

104 4226 278 4294 excogitatam
290 4222 336 4277 Dei
349 4220 402 4275 reri
417 4219 457 4288 (ir)
475 4226 558 4273 artem
577 4223 656 4285 atquc
669 4213 807 4274 rationem.
833 4211 889 4268 iioc

104 4323 192 4374 autern
205 4312 301 4368 scenio
314 4325 374 4364 curn
383 4310 437 4377 jam
450 4307 537 4361 nuiios
548 4304 683 4363 rideamus
696 4301 887 4372 philosophos,

107 4405 158 4464 nisi
170 4404 236 4458 iorte
245 4402 358 4460 amiculo
371 4402 382 4431 ²
394 4398 529 4468 corporis,
543 4410 609 4466 quos
624 4393 729 4465 quidem
741 4391 811 4447 harad
823 4407 887 4448 cen·

106 4494 204 4548 sucrim
216 4492 308 4561 dignos
318 4499 371 4546 tam
384 4486 525 4543 venerabili
539 4484 657 4550 nomine,
669 4482 812 4539 reducendi
825 4482 889 4538 mibi

108 4581 230 4637 uidentur
242 4581 361 4636 homines
375 4578 417 4650 (si
431 4591 497 4648 unos
509 4575 725 4635 Academicorum
736 4588 783 4643 per
796 4573 890 4629 serbo·

108 4687 165 4727 rum
179 4672 194 4726 i.
206 4671 311 4741 genium
323 4684 338 4723 a
348 4683 436 4724 rerum
447 4663 682 4735 comprehensione
694 4662 821 4718 deterruit
829 4676 891 4718 scn-

109 4764 190 4821 rcntia
203 4763 225 4833 ⁸)
241 4763 267 4817 in
281 4775 356 4832 spem
376 4754 539 4828 reperiendae
563 4753 680 4815 ueritatis
696 4768 704 4808 a
718 4767 752 4808 ne
770 4751 797 4807 id
819 4751 891 4829 quod

140 4926 281 4976 'recensita
292 4928 330 4973 est
339 4921 368 4972 ad
380 4918 476 4970 ussiii.
484 4917 524 4969 cb.
532 4929 574 4980 gg.
582 4927 624 4979 gr.
632 4927 657 4964 n.
665 4927 688 4963 r.
695 4913 732 4963 sb.
740 4913 777 4962 tir.
786 4911 891 4963 reduce

108 4987 195 5037 t.duos
206 5001 230 5035 r.
242 4991 268 5034 et
277 4983 372 5033 adedit.
383 4989 439 5032 iun.

139 5050 192 5096 ¹ste
201 5053 254 5096 itss.
266 5051 293 5094 tt
302 5039 706 5106 conmmeatum-snut
714 5038 768 5087 tor.
800 5038 829 5090 tt.

139 5112 210 5170 ’uss-
217 5105 343 5156 duodecim
351 5105 449 5160 babent,
461 5098 569 5151 runcato
579 5109 693 5161 corpores.

139 5170 221 5226 uon,
233 5176 396 5230 mmeraormu
402 5150 892 5228 irgenimturerumcompreitcruioucde-

108 5228 228 5281 terruisset
238 5227 265 5278 iu
275 5238 355 5289 spen,
367 5231 416 5274 etc.
428 5230 455 5272 nt
465 5222 611 5285 quaratione
622 5216 732 5280 {terrersi
743 5214 874 5264 Academici

108 5289 236 5353 siqnidem,
245 5294 274 5337 ut
280 5300 336 5336 mox
346 5285 436 5334 dictum
447 5290 495 5342 est,
502 5289 579 5332 crtetn
588 5285 611 5330 et
618 5277 732 5349 cptionem
742 5272 835 5347 tegmrdi
842 5246 893 5325 eri

107 5350 153 5410 (sic
164 5350 229 5397 enim
236 5346 368 5419 tegendum
376 5356 513 5400 censemus,
526 5354 581 5401 non,
592 5349 636 5389 pet
646 5351 704 5395 serr,
714 5336 800 5386 utinm
808 5347 893 5384 omnes

107 5409 209 5471 turbent)
220 5408 312 5458 utbcer
324 5406 491 5467 excogitarunt
501 5403 512 5452 i
523 5408 669 5464 Quapropter
688 5399 767 5449 iocum
779 5395 893 5446 ememb-

137 5490 173 5551 (α)
185 5488 301 5598 pigognata
313 5501 319 5535 ε
332 5498 387 5550 quse
398 5493 478 5535 autem
491 5485 502 5535 i
520 5492 581 5543 erat,
593 5495 655 5532 nunc
668 5479 718 5531 ¹3²2.
731 5479 818 5540 scripta
831 5477 892 5526 epm

105 5549 265 5680 mliiiuiviiei
280 5606 378 5671 tegendi
391 5606 449 5664 seri.

934 2351 1099 2406 eradicandis
1111 2350 1247 2405 attissimis
1258 2352 1391 2406 erroribus
1405 2368 1453 2423 pro
1472 2362 1596 2423 tompore·
1608 2367 1713 2409 accom-
1749 2378 1754 2385 ·

934 2440 1066 2494 modatnm
1077 2439 1142 2504 iuit,
1153 2439 1208 2509 jam
1223 2439 1330 2510 incipiat
1342 2440 1489 2497 inserendae
1499 2443 1616 2498 scientiae
1629 2443 1714 2514 impc-

933 2531 1051 2596 dimcnto
1063 2544 1133 2586 esse.

969 2621 996 2676 2.
1012 2620 1124 2679 Tamum
1135 2622 1205 2680 enim
1217 2628 1280 2678 tunc
1289 2623 1420 2678 variarum
1430 2630 1560 2678 sectarum
1573 2622 1658 2681 studia
1670 2624 1718 2681 iia-

933 2713 1057 2783 grabaot,
1074 2720 1102 2767 ut
1112 2712 1177 2772 stibi.
1191 2712 1360 2770 metuendum
1372 2722 1443 2770 esset
1454 2714 1505 2769 nisi
1518 2714 1575 2769 iaici
1588 2716 1717 2787 approba·

933 2802 980 2857 tio.
992 2800 1086 2858 Pulsus
1096 2809 1183 2856 autem
1197 2802 1307 2873 ortisque
1324 2802 1376 2858 iiiis
1389 2804 1549 2873 argumentis
1562 2804 1637 2860 abeo
1646 2804 1717 2875 ortod

933 2903 963 2945 se
983 2889 1089 2943 firmum
1111 2896 1138 2944 et
1161 2891 1342 2945 inconcussum
1356 2891 1621 2955 tenereercdidemt,
1644 2899 1718 2948 tarum

933 2981 1097 3036 constantius
1116 2984 1196 3050 atque
1214 2979 1317 3035 cautius
1329 2979 1400 3037 aliud
1411 2979 1564 3051 querebat,
1578 2987 1676 3051 quatuo
1690 2988 1719 3037 et

935 3069 961 3124 in
976 3068 1093 3123 moribus
1107 3068 1191 3138 major
1201 3077 1257 3123 crat
1272 3066 1415 3134 industria,
1430 3077 1458 3125 et
1469 3068 1496 3128 in
1517 3078 1610 3125 nutura
1629 3084 1719 3127 rerum

933 3168 1012 3230 atque
1024 3157 1171 3213 animorum
1184 3157 1309 3212 citissima
1324 3167 1351 3213 et
1365 3159 1562 3229 implicitissima
1576 3159 1659 3216 latere
1673 3174 1720 3216 re·

935 3251 998 3305 ritas
1022 3248 1193 3305 sentiebatur.
1207 3249 1289 3305 Tanta
1315 3263 1394 3319 porro
1417 3265 1486 3305 nnnc
1506 3250 1564 3321 iuga
1580 3251 1681 3307 laboris
1692 3258 1721 3306 et

935 3339 1035 3394 incuria
1054 3337 1181 3397 bonarum
1201 3338 1313 3403 artium,
1338 3346 1367 3393 ut
1391 3338 1469 3393 simui
1489 3349 1568 3408 atque
1581 3340 1718 3410 corruerit,

934 3428 1094 3484 acutissimis
1113 3428 1275 3500 pbiiosopiris
1288 3429 1443 3484 essorisum
1468 3427 1531 3482 nibii
1552 3442 1631 3498 posse
1644 3444 1720 3483 corn·

936 3518 1064 3586 prehendi
1075 3559 1083 3584 ,
1096 3518 1228 3573 dimittant
1240 3524 1342 3572 mentes
1354 3526 1382 3572 et
1396 3517 1421 3570 in
1435 3525 1563 3571 aternum
1578 3515 1718 3571 obducant.

934 3608 992 3663 Non
1006 3608 1077 3663 enim
1097 3607 1194 3662 audent
1211 3606 1355 3663 vivaciores
1366 3621 1395 3662 se
1408 3605 1459 3661 iilis
1479 3605 1606 3670 credere,
1629 3614 1658 3660 ut
1670 3604 1721 3668 sibi

936 3705 1060 3767 appareat
1073 3697 1143 3766 quod
1158 3705 1231 3753 tanto
1243 3696 1346 3764 studio,
1363 3696 1483 3766 ingenio,
1497 3695 1565 3760 otio,
1580 3705 1632 3749 ιιιιι
1646 3694 1721 3750 deni·

937 3802 988 3855 quc
1002 3786 1083 3841 multa
1095 3787 1284 3858 multipiicique
1297 3786 1427 3847 doctrina,
1438 3794 1574 3856 postremo
1582 3784 1634 3839 rita
1642 3785 1722 3841 ctiam

938 3874 1088 3945 longissima
1112 3874 1261 3933 merentes
1281 3875 1398 3938 invenire
1421 3889 1473 3928 non
1492 3873 1586 3943 potuit.
1610 3871 1723 3930 sivero

937 3965 1017 4021 etiam
1036 3959 1199 4035 aliquantum
1216 3966 1363 4020 obnitentes
1375 3964 1502 4019 adversus
1515 3961 1666 4034 pigritiam,
1685 3961 1724 4026 io·

937 4057 1024 4126 gerint
1035 4055 1142 4111 eosdem
1156 4056 1254 4120 libros,
1267 4055 1361 4125 quibus
1372 4054 1446 4126 quasi
1460 4052 1607 4110 ostenditur
1621 4062 1724 4107 naturae

939 4147 1061 4204 humanae
1073 4146 1200 4218 denegata
1220 4147 1366 4218 perceptio:
1381 4155 1453 4201 tanto
1471 4154 1577 4216 torpore
1595 4144 1723 4203 indormi-

938 4246 1030 4306 scunt,
1046 4246 1075 4292 ut
1088 4251 1138 4298 nec
1150 4235 1253 4292 coeiesti
1266 4237 1326 4292 tuba
1344 4235 1478 4305 evigilent.

974 4328 1000 4382 3.
1015 4323 1190 4394 Quamobrem
1203 4339 1262 4380 enm
1276 4322 1452 4394 gratissimum
1467 4321 1576 4378 babeam
1591 4321 1669 4377 iideie
1681 4320 1723 4391 im

939 4418 1037 4475 dicium
1055 4427 1128 4473 tuum
1146 4415 1179 4472 dc
1191 4414 1285 4471 iibcliis
1306 4413 1393 4479 meis,
1416 4421 1572 4483 tantumque
1586 4414 1611 4467 in
1626 4420 1652 4468 te
1664 4426 1724 4467 mo·

940 4509 1021 4566 menti
1036 4523 1148 4579 ponam,
1162 4515 1191 4564 ut
1209 4522 1258 4562 nec
1270 4521 1345 4567 error
1358 4506 1384 4561 in
1399 4515 1470 4561 tuam
1482 4504 1662 4575 prudentiam,
1676 4516 1726 4563 neo

941 4600 966 4653 in
977 4600 1118 4656 amicitiam
1130 4598 1263 4654 simulatio
1273 4596 1369 4652 cadere
1384 4596 1476 4666 possit,
1491 4594 1555 4651 iiiud
1569 4592 1651 4664 magis
1662 4601 1728 4663 peto

940 4687 1090 4758 diligentius
1103 4687 1272 4751 consideres,
1295 4686 1411 4754 mibiqne
1432 4683 1561 4738 rescribas
1575 4691 1661 4736 utrum
1676 4694 1725 4749 ap-

941 4777 1036 4845 probes
1049 4775 1118 4846 qnod
1142 4777 1168 4830 in
1187 4787 1306 4830 extremo
1321 4774 1390 4828 tertii
1410 4772 1469 4827 iibri
1489 4769 1658 4839 suspiciosius
1672 4767 1728 4823 ior·

942 4873 1012 4919 tasse
1021 4879 1101 4941 quam
1111 4866 1226 4928 certius,
1240 4863 1331 4925 utilius
1346 4872 1450 4927 utnon,
1465 4868 1493 4914 ut
1506 4859 1632 4923 arbitror,
1647 4870 1727 4926 quam

942 4953 1121 5008 incredibiiius
1150 4952 1238 5020 putari
1265 4949 1438 5011 credendum.
1466 4949 1593 5019 Equidem
1621 4959 1728 5014 ortoque

943 5041 1022 5101 modo
1034 5054 1063 5096 se
1075 5039 1191 5094 babeant
1210 5038 1263 5098 iiie
1275 5037 1389 5106 littere,
1411 5050 1464 5092 non
1486 5045 1540 5090 tam
1559 5050 1602 5088 me
1614 5033 1727 5089 deiectat

943 5129 1014 5201 quod
1028 5170 1036 5197 ,
1052 5136 1079 5183 ut
1093 5125 1205 5193 scribis,
1218 5124 1393 5183 Academicos
1412 5125 1519 5179 vicerim
1534 5122 1638 5194 (scribis
1655 5119 1726 5181 enim

944 5221 994 5275 boc
1016 5219 1147 5274 amantius
1166 5216 1232 5273 iorte
1245 5232 1323 5288 quam
1337 5215 1454 5287 serios),
1478 5228 1557 5284 qnam
1578 5210 1648 5282 quod
1663 5209 1727 5268 mibi

945 5309 1098 5381 abruperim
1113 5307 1308 5364 odiosissimum
1322 5303 1513 5370 retinacuium,
1533 5314 1585 5371 quo
1596 5299 1629 5356 ab
1642 5297 1727 5370 pbilo-

944 5456 1022 5503 rimus
1033 5451 1063 5502 ad
1071 5452 1158 5502 decem
1168 5456 1223 5502 iuss.
1233 5450 1274 5512 qui
1283 5449 1383 5507 babent,
1395 5458 1438 5510 per
1448 5444 1571 5498 seriorum
1577 5439 1727 5506 immissu...

944 5511 1252 5631 pngffinfflllehurmu;
1261 5511 1369 5574 equibus
1376 5517 1457 5564 tamen
1467 5507 1561 5559 nonnisi
1568 5504 1729 5561 urorettnem
