3906 6390
175 315 225 373 tit

174 428 209 501 iil
224 428 286 481 Tim.
304 444 334 495 u,
349 427 404 499 25).
422 428 483 483 llaec
495 429 582 483 arnaria
601 428 756 498 simpliciter
768 429 825 484 sine
838 429 898 485 ullis
913 428 955 484 la·

173 526 259 578 teatur
270 519 439 588 ambagibus,
458 517 480 572 si
497 519 555 588 quis
567 517 593 572 in
606 518 788 574 auctoritatem
801 518 956 575 catholicam

174 619 201 669 et
212 612 238 667 iu
247 612 328 682 ipsius
336 612 433 682 Pelagii
444 625 568 683 expressa
580 611 765 667 ecclesiasticis
779 611 867 666 Gestis
877 611 957 666 uerba

174 703 315 758 consentit.
338 701 428 771 Neque
442 702 512 757 enim
527 701 570 755 illa
589 716 648 776 qua.
670 699 712 754 his
732 708 794 755 sunt
812 699 955 767 contraria,

174 791 528 848 veraciteranatbematiaata
539 806 598 847 esse
606 789 768 846 credendum
779 789 888 856 est,nisi
900 789 957 845 buc

173 885 267 954 quibus
276 892 337 942 sunt
347 883 489 947 contraria,
501 881 571 948 lideli
579 881 659 937 eorde
670 889 817 947 teneantur,
829 887 858 936 et
866 885 957 950 aperta

172 974 336 1030 confessione
351 981 514 1042 promantur.

206 1064 319 1121 esebi
332 1063 367 1119 tt.
377 1094 413 1112 -
429 1065 473 1122 at.
487 1063 541 1119 Nec
556 1064 581 1117 iu
596 1062 653 1118 istis
664 1061 739 1117 libris
752 1060 954 1124 recentioribus,

172 1169 238 1223 quos
259 1154 329 1210 idern
350 1153 471 1222 Pelagius
495 1162 554 1223 post
571 1151 635 1207 iliud
647 1151 775 1222 judicium
788 1152 885 1206 dicitur
899 1149 956 1205 edi-

172 1243 256 1309 disse,
271 1241 390 1312 quamtis
402 1241 533 1311 adjutorio
544 1241 642 1295 diuinas
652 1240 743 1309 gratim
755 1239 906 1295 consentire
916 1237 957 1293 ul·

172 1331 275 1396 dentur,
287 1329 348 1399 quid
359 1329 392 1385 de
401 1330 450 1385 bae
461 1345 490 1384 re
502 1330 599 1385 sentiat
611 1328 674 1384 satis
687 1328 823 1384 euidenter
836 1336 955 1398 apparet.

171 1422 319 1492 Aliquando
333 1422 403 1476 enim
418 1421 454 1476 ita
467 1421 573 1491 paribus
585 1421 725 1476 momentis
738 1429 896 1491 potestatem
908 1434 956 1476 ro·

170 1512 279 1567 luntatis
292 1527 366 1582 aequa
386 1511 461 1567 lance
476 1511 631 1581 perpendit,
654 1518 683 1565 ut
703 1518 828 1581 quantum
844 1511 876 1565 ad
891 1524 954 1581 pec-

170 1602 299 1667 candum,
326 1611 425 1657 tantum
440 1604 448 1634 ¹
461 1602 540 1658 etiam
558 1601 591 1656 ad
608 1616 662 1656 nan
684 1601 847 1671 peccandum
866 1602 955 1656 valere

169 1694 277 1750 deliniat
289 1713 296 1750 ε
309 1693 379 1765 quod
393 1695 414 1750 si
425 1695 459 1749 ita
470 1702 521 1760 est,
533 1693 619 1747 nullus
634 1692 707 1747 locus
721 1691 851 1762 adjutoria
864 1691 954 1762 gratiss

170 1794 335 1854 reservatur,
350 1785 408 1842 siae
421 1801 474 1856 qua
492 1800 541 1840 nos
555 1783 667 1841 dicimus
680 1782 712 1838 ad
724 1799 777 1838 non
793 1783 954 1853 peccandum

171 1876 235 1930 niirii
256 1874 400 1930 voluntatis
421 1875 559 1929 arbitrium
579 1873 677 1928 ualere.
699 1872 848 1944 Aliquando
865 1881 955 1928 autent

170 1963 325 2032 quotidiano
339 1964 430 2033 gratim
448 1963 495 2018 liei
508 1962 605 2017 muniri
619 1977 669 2019 nos
684 1962 826 2017 confitetur
839 1961 953 2028 auxilio,

170 2054 289 2124 quamtis
298 2054 442 2108 babeamus
451 2052 484 2110 ad
494 2052 718 2124 nonpeocandum
732 2052 799 2108 iorte
809 2067 840 2107 ac
850 2052 954 2109 iirmnm

170 2142 282 2196 liberum
301 2142 438 2197 arbitrium
461 2158 469 2196 t
491 2143 562 2212 quod
576 2143 667 2213 tutique
679 2142 823 2197 invalidum
838 2151 864 2202 et
878 2142 953 2198 inlir-

169 2247 241 2285 mum
255 2231 345 2287 debuit
358 2231 489 2294 conliteri,
503 2233 587 2287 donce
601 2242 726 2287 sanentur
740 2248 832 2288 omnes
845 2234 954 2304 languo-

169 2335 213 2376 res
227 2321 321 2375 animae
335 2329 442 2376 nostrae.
456 2321 512 2376 Nan
526 2322 596 2376 cuim
611 2336 658 2390 pro
669 2322 822 2378 iubrmitatc
833 2323 954 2391 corporis

169 2413 334 2482 prcoabatur,
349 2413 393 2483 qui
408 2413 530 2479 dicebat,
547 2412 666 2467 Miserere
679 2414 744 2477 md,
758 2411 875 2480 Domine,
888 2430 953 2484 quo·

168 2503 235 2555 mam
244 2503 360 2570 irrfirnuas
369 2519 442 2567 sum,·
455 2519 517 2556 suna
529 2519 578 2567 nte,
590 2502 706 2566 Domine,
722 2503 841 2572 paeonium
852 2513 953 2557 contur-

170 2592 226 2645 bata
239 2602 297 2645 surrt
311 2609 367 2646 ossa
380 2607 455 2646 ntea:
470 2607 530 2646 nam
552 2600 580 2646 ut
594 2590 746 2647 ostenderet
760 2607 808 2662 pro
822 2593 908 2646 anima
923 2607 953 2648 se

166 2695 270 2750 rogare,
284 2691 390 2737 secutus
399 2681 528 2752 adjunxit,
542 2681 826 2737 etanimameaturdata
836 2691 871 2736 est
882 2683 954 2736 ualde

167 2773 251 2851 (Psoi.
268 2791 304 2838 rr,
318 2776 344 2838 3,
359 2774 398 2847 1).

200 2865 245 2920 55.
261 2866 442 2936 11ε1υιιπεηζο
451 2867 576 2922 auxilium
589 2868 678 2938 gratim
692 2877 814 2939 tanquam
827 2883 858 2923 ex
870 2869 952 2923 abun·

163 2951 236 3009 danti
245 2966 335 3024 putare
344 2955 464 3021 concedi,
474 2956 498 3010 id
507 2964 558 3019 est,
568 2965 596 3011 ut
605 2958 708 3012 etiamsi
719 2959 950 3024 nonconeedatur,

164 3042 307 3100 babeamus
320 3055 406 3101 tamen
422 3044 455 3100 ad
468 3062 520 3101 aon
534 3047 695 3116 peccandum
711 3046 780 3102 lorte
799 3062 831 3102 ac
846 3047 951 3103 firmum

162 3134 274 3192 liberum
289 3139 435 3192 arbitrium.
455 3138 531 3206 Qrtud
551 3153 584 3194 ne
598 3140 781 3194 existimemur
798 3139 832 3194 de
851 3140 896 3195 illo
910 3148 949 3195 tc-

163 3241 238 3299 mere
252 3228 396 3297 suspicari,
412 3237 439 3283 et
453 3229 564 3284 loriasse
580 3230 639 3298 quis
652 3230 723 3285 dicat
736 3232 747 3263 ¹
761 3229 800 3284 sic
813 3246 873 3286 aum
887 3246 949 3286 sen-

162 3317 214 3372 tire
227 3316 294 3372 iorte
308 3331 338 3371 aa
351 3317 454 3371 drmum
467 3317 500 3372 ad
514 3335 566 3372 non
582 3319 743 3388 peccandum
755 3320 866 3374 liberum
881 3319 950 3374 arbi·

164 3405 242 3462 trium
254 3403 449 3479 (quamuissinc
463 3408 510 3462 ilci
520 3410 603 3478 gratia
617 3409 643 3463 id
654 3409 760 3464 elllcere
774 3417 852 3479 atque
862 3411 949 3465 adim-

164 3495 238 3565 plere
252 3512 303 3550 non
317 3497 428 3566 possit),
441 3497 509 3552 sicut
528 3512 607 3552 sanos
622 3498 713 3552 oculos
733 3497 823 3553 brmos
837 3499 949 3556 dicimus

163 3571 196 3640 nd
212 3585 363 3652 ridendum,
375 3587 446 3656 qnod
459 3595 545 3642 tarncn
557 3588 629 3641 nulio
640 3587 719 3642 modo
730 3587 815 3643 iacere
825 3597 947 3658 possunt,

163 3675 185 3730 si
196 3676 264 3731 desit
273 3675 340 3731 lucis
350 3677 474 3731 armiliam
486 3694 494 3743 3
506 3677 624 3732 alioloeo
636 3677 698 3747 quid
710 3677 820 3744 diceret,
833 3678 874 3733 rel
885 3679 948 3748 quid

163 3776 266 3837 putaret
280 3768 404 3835 ostendit,
420 3768 464 3823 ubi
479 3769 524 3832 ait,
542 3769 603 3823 idea
621 3767 669 3823 Dei
680 3769 788 3840 qratiam
805 3768 947 3824 dominibus

161 3860 227 3925 dari,
241 3868 270 3914 ut
282 3858 350 3929 quod
360 3860 443 3931 iacere
456 3876 500 3930 pet·
513 3859 617 3913 liberum
625 3859 746 3930 jaabeutur
754 3858 892 3922 arbitrium,
905 3859 918 3928 l
938 3888 948 3899 ·

162 3950 235 4004 cilius
248 3950 343 4021 possint
361 3949 466 4021 implere
487 3967 532 4019 per
542 3951 659 4021 matiam.
682 3949 778 4020 Utique
797 3965 857 4006 cnm
872 3949 945 4014 dicit,

162 4042 271 4110 facilius,
285 4040 347 4111 quid
359 4040 543 4111 subintelligi,
555 4041 604 4095 uisi
615 4050 641 4094 et
652 4041 736 4111 gratia
749 4041 770 4097 si
778 4040 857 4107 desit,
870 4055 948 4110 posse

162 4144 218 4202 per,
229 4131 340 4185 liberum
354 4131 503 4198 arbitrium,
515 4132 558 4186 uel
574 4129 667 4197 iacile,
680 4132 720 4188 rel
741 4133 819 4187 etiam
838 4131 947 4188 diliciis

162 4234 221 4289 qum
233 4220 357 4274 diuinitus
368 4221 492 4289 jubentur
505 4220 607 4289 impleri
620 4219 658 4291 (a)
671 4220 684 4274 l

197 4309 242 4363 56.
257 4308 306 4363 Ubi
320 4320 361 4364 est
375 4325 448 4379 ergo,
465 4309 533 4376 Quid
548 4320 583 4364 est
597 4311 681 4376 dromo,
697 4311 746 4364 nisi
756 4310 767 4342 i
776 4311 844 4381 quod
854 4327 947 4365 mernor

161 4416 186 4454 es
200 4401 253 4471 ejtu
268 4399 352 4469 (Psoi.
366 4416 412 4454 rm
422 4443 429 4463 ,
441 4400 492 4471 5)i
510 4401 560 4457 Ubi
573 4413 706 4472 postremo
725 4402 768 4457 illa
783 4402 944 4468 testimonia,

160 4506 219 4560 quac
237 4489 463 4561 ierosolymitana.
485 4494 596 4548 antistes
616 4481 741 4549 Ecclesiae
755 4492 810 4567 (b),
831 4495 898 4549 sicut
917 4494 944 4549 in

160 4580 259 4636 eisdem
273 4579 359 4637 Gestis
371 4581 482 4652 legitur,
493 4583 542 4651 ipsi
555 4582 661 4653 Pelagio
674 4596 704 4638 se
717 4583 816 4639 dixisse
825 4598 935 4639 comme·

160 4680 254 4734 morat,
270 4670 375 4726 eumad
393 4687 452 4727 eum
475 4673 603 4740 perlatum
615 4681 687 4728 esset
701 4673 771 4743 quod
790 4673 848 4729 sine
861 4674 944 4743 gratia

159 4765 205 4819 liei
219 4764 319 4819 diceret
331 4763 430 4834 absque
440 4774 548 4834 peccato
560 4763 694 4818 bominem
705 4749 765 4819 esse
774 4764 870 4834 pessel
883 4765 946 4820 liare

158 4864 220 4910 sunt
241 4853 312 4910 enim
326 4853 359 4910 ab
375 4854 421 4909 iiio
442 4855 509 4910 dieta
528 4855 577 4911 tria
592 4854 742 4910 testimonia
755 4854 831 4911 ralde
850 4870 944 4926 magna

158 4958 249 5006 contra
259 4948 408 5019 brajatsmodi
419 4949 526 5018 impiam
538 4949 781 5018 presumptionem,
790 4947 860 5018 quod
871 4950 944 5018 Apo·

158 5044 242 5097 stolus
256 5042 292 5096 ait
306 5058 312 5094 τ
331 5040 393 5095 Plus
406 5041 520 5096 omnibus
530 5041 581 5096 illis
594 5040 704 5095 laboravi
715 5054 725 5103 ,·
735 5058 784 5094 non
795 5056 839 5111 epo
849 5048 943 5105 umens,

156 5134 202 5186 sed
214 5132 294 5202 qratia
308 5131 356 5187 Dei
365 5149 460 5187 iturum
471 5130 492 5205 (1
503 5130 560 5188 Cor.
572 5148 616 5197 xv,
629 5130 672 5203 to)
685 5148 693 5199 ;
706 5140 742 5196 et,
757 5129 819 5186 Non
828 5131 947 5198 uolentis„

157 5237 236 5306 nequae
247 5223 385 5289 carmentis,
398 5224 442 5277 sed
455 5223 592 5278 rrrismentis
610 5231 646 5276 est
661 5220 707 5277 oet
728 5219 813 5293 (ilom
825 5237 861 5279 tx.
875 5219 919 5291 16)
933 5237 942 5287 ;

188 5352 197 5384 ¹
208 5351 319 5414 siciuxta
326 5359 365 5402 tis.
372 5353 436 5417 sulp.
443 5360 509 5415 ton,
516 5358 543 5404 ut
551 5351 784 5415 mmumdmmdme
793 5352 944 5416 antiquiores

156 5411 212 5484 trid.
229 5419 254 5462 et
272 5420 323 5463 ttss.
336 5421 447 5478 quatuor,
463 5420 490 5466 ut
506 5421 619 5480 muudum
628 5413 709 5465 etiam
728 5414 738 5477 [
749 5418 778 5466 et
795 5411 943 5477 adeundum

155 5473 260 5584 “iffi
273 5540 322 5583 lm.
334 5541 361 5585 et
369 5542 433 5595 tiss,
447 5536 566 5590 dieatnmt
577 5535 612 5589 stc
623 5550 686 5588 emrt.

187 5595 273 5645 ’mim
284 5593 361 5655 donm,
372 5597 444 5660 quod.
457 5605 484 5647 tt
494 5606 558 5658 tiss,
571 5599 647 5659 domo,
656 5596 704 5649 nisi
714 5598 785 5661 quod.

185 5657 222 5784 ³23
230 5655 375 5771 {lfflgde
384 5660 461 5711 oratis
469 5660 562 5723 eluisti,
572 5673 593 5710 c.
605 5661 629 5720 7,
641 5660 672 5711 26
684 5667 709 5711 et
720 5671 790 5723 seqq.

757 315 994 374 merculana
1013 312 1149 374 attssts
1167 290 1221 372 ru(

1743 320 1796 378 sto

1013 435 1049 494 et,
1066 426 1124 484 Nisi
1139 427 1259 483 Dominus
1278 429 1437 499 uesperum
1451 429 1569 496 domum,
1584 431 1610 486 in
1623 447 1713 486 ranam
1726 434 1797 488 talo-

1010 528 1126 573 ruuernnt
1146 519 1299 589 edificantes
1317 537 1372 575 eam
1392 520 1474 591 (Psoi.
1488 524 1638 594 exart,i).
1658 524 1798 590 Quomodo

1010 623 1074 678 erqo
1083 609 1151 679 quod
1161 609 1231 664 beas
1239 610 1324 679 jubet,
1335 612 1392 667 sine
1403 613 1534 682 adjutorio
1544 613 1627 685 ipsius
1637 615 1677 668 vei
1689 615 1798 672 ditileiis

1010 696 1150 765 impletur,
1168 713 1228 752 cunt
1248 699 1270 752 si
1290 699 1416 754 bortrinus
1435 716 1487 755 aton
1508 701 1635 769 aeroma,
1653 704 1679 756 in
1699 718 1796 757 vanum

1010 785 1145 841 anticam
1157 787 1292 843 laborasse
1304 788 1406 844 dicatur
1417 806 1424 856 ;
1441 805 1527 859 neque
1545 791 1671 860 scriptum
1684 793 1718 847 sit
1730 833 1737 858 ,
1749 793 1797 848 Est

1010 876 1116 946 quidem
1127 876 1248 941 volentis,
1261 886 1340 949 atque
1351 881 1492 946 currentis,
1505 881 1605 936 iaciiius
1618 890 1705 936 autent
1717 884 1797 938 mise·

1008 967 1092 1021 rantis
1109 975 1150 1023 est
1170 966 1232 1031 liei,
1249 967 1296 1023 sed
1310 969 1436 1038 seriptum
1450 970 1503 1034 sit,
1521 968 1580 1023 Non
1593 971 1706 1037 solentis,
1718 988 1798 1041 neque

1009 1057 1146 1122 curreretis,
1160 1056 1204 1111 sed
1226 1058 1364 1113 miserentis
1382 1067 1420 1113 est
1441 1058 1505 1123 liei;
1519 1075 1571 1114 non
1586 1061 1645 1129 quia
1663 1062 1734 1116 nulia
1756 1071 1796 1119 est

1010 1147 1125 1207 ltominis
1146 1147 1269 1204 uoluntas
1281 1158 1361 1219 atque
1374 1164 1467 1204 cursus
1481 1150 1508 1217 ¹,
1523 1150 1570 1205 sed
1583 1151 1642 1219 quia
1662 1151 1726 1205 nibil
1746 1167 1795 1222 po,-

1010 1244 1076 1303 test,
1091 1237 1141 1291 nisi
1156 1237 1199 1292 ille
1217 1238 1391 1293 misereatur:
1407 1253 1456 1293 nec
1470 1239 1617 1308 Apostolus
1633 1239 1746 1304 dixerit,
1763 1241 1796 1295 m

1008 1345 1068 1400 ego,
1081 1330 1127 1386 scd
1138 1329 1243 1396 dixerit,
1257 1329 1318 1385 Non
1326 1347 1370 1402 eqo
1380 1342 1473 1399 autem,
1483 1332 1528 1386 sed
1537 1331 1672 1403 qmtiaDei
1682 1347 1797 1391 mecum:

1008 1438 1061 1479 non
1075 1423 1135 1492 quia
1148 1424 1205 1494 ipse
1217 1423 1283 1478 nibil
1293 1423 1354 1478 boni
1369 1425 1472 1494 agebat,
1487 1424 1534 1479 sed
1547 1424 1607 1493 quia
1617 1423 1683 1479 nibil
1694 1432 1794 1494 ageret,

1007 1515 1029 1568 si
1045 1515 1087 1569 illa
1106 1530 1158 1569 non
1173 1514 1329 1584 adjuvaret?
1348 1513 1504 1584 Quanquam
1525 1515 1567 1568 illa
1586 1513 1746 1584 possibilitas
1760 1515 1794 1568 li·

1008 1605 1064 1660 beri
1086 1604 1187 1660 arbitrii
1205 1613 1257 1660 tam
1273 1604 1299 1659 in
1313 1604 1409 1659 bouum
1430 1619 1508 1683 quam
1522 1605 1548 1659 in
1563 1604 1660 1659 malurn
1674 1619 1707 1660 ex
1719 1618 1793 1674 aequa

1007 1696 1090 1752 lancis
1103 1697 1280 1766 perpensione
1295 1711 1344 1751 nec
1359 1695 1421 1751 huic
1435 1696 1551 1751 facilitati
1563 1697 1648 1752 locum
1658 1697 1799 1766 relinquit,

1007 1804 1086 1858 qnam
1099 1788 1192 1843 saltem
1206 1787 1380 1844 videturesse
1394 1787 1530 1842 conlassus
1543 1788 1665 1854 diceudo,
1679 1786 1795 1840 Facilius

1007 1885 1110 1948 possuntt
1124 1877 1228 1948 implere
1239 1894 1283 1948 per
1296 1877 1419 1947 qratiam,
1435 1876 1534 1946 {antitis
1548 1877 1666 1946 impietur
1678 1893 1722 1947 per
1733 1893 1793 1947 qra-

1006 1969 1067 2022 tiam
1080 1967 1171 2023 donum
1183 1968 1214 2034 ¹,
1229 1968 1349 2040 facillime
1367 1977 1450 2021 autent
1462 1968 1515 2022 sine
1531 1968 1613 2038 qratia
1629 1967 1658 2036 pit
1676 1967 1793 2019 maturat:

1006 2058 1124 2129 probcto
1138 2059 1187 2113 ista
1202 2059 1361 2129 possibilitas
1374 2073 1427 2112 non
1438 2072 1513 2127 atqua
1524 2057 1598 2111 lance
1611 2055 1791 2125 perpenditur.

1040 2148 1152 2204 ett‘ur
1166 2149 1212 2204 iii.
1227 2149 1318 2203 -51,
1334 2147 1385 2203 Sed
1400 2146 1463 2216 quid
1480 2146 1574 2215 plura?
1592 2145 1648 2201 Non
1661 2144 1746 2200 solum
1758 2145 1795 2200 ad

1005 2239 1070 2293 istos
1082 2239 1203 2294 vitandos
1223 2239 1293 2294 cauti
1312 2253 1370 2293 esse
1387 2238 1532 2303 debemus,
1546 2251 1636 2291 uerum
1658 2236 1737 2290 etiam
1759 2233 1795 2288 ad

1005 2329 1139 2386 docendos
1153 2330 1195 2385 uel
1209 2329 1363 2395 monendas,
1381 2329 1403 2384 si
1417 2329 1565 2399 patiantur,
1578 2328 1725 2397 pigrescere
1739 2341 1792 2381 non

1004 2419 1141 2475 debemus.
1158 2420 1219 2475 l‘lus
1227 2420 1266 2475 eis
1281 2430 1368 2474 tamen
1381 2420 1438 2473 siae
1451 2418 1614 2474 dubitatione
1626 2424 1790 2487 praestamus,

1004 2510 1025 2564 si
1042 2520 1070 2564 ut
1089 2509 1256 2578 corrigantur
1269 2524 1389 2574 oremus,
1404 2524 1438 2564 ne
1452 2524 1511 2564 cum
1528 2508 1608 2562 tantis
1621 2508 1732 2577 ingeniis
1750 2507 1791 2562 rel

1004 2608 1123 2669 pareant,
1138 2601 1179 2654 uel
1193 2601 1259 2655 alios
1278 2600 1389 2668 perdant
1407 2600 1613 2670 presumptione
1628 2598 1791 2654 damnabili:

1003 2690 1063 2759 quia
1077 2690 1157 2743 zelum
1171 2689 1215 2743 net
1228 2689 1333 2748 lanient,
1344 2690 1388 2743 sed
1399 2706 1448 2742 non
1458 2688 1592 2743 secuudum
1606 2686 1790 2752 emendassent

1002 2785 1053 2844 est,
1062 2779 1189 2848 justitiam
1207 2795 1263 2850 qum
1276 2795 1291 2831 u
1304 2778 1357 2831 Deo
1369 2787 1405 2832 est
1418 2778 1569 2849 iquorantes,
1584 2787 1607 2832 et
1618 2794 1690 2832 suam
1704 2777 1790 2832 soum
1837 2843 1842 2851 Ι

1002 2873 1038 2921 tes
1049 2868 1209 2930 constituere,
1223 2869 1326 2933 iustitiae
1339 2867 1384 2922 net
1398 2885 1448 2921 non
1464 2875 1523 2922 sunt
1543 2867 1647 2937 srtbjecti
1661 2866 1748 2937 (iiam.
1758 2882 1788 2931 x,

1001 2955 1029 3022 2,
1040 2956 1080 3029 b).
1094 2957 1194 3025 Quibus
1206 2959 1306 3027 utiquc,
1320 2956 1444 3027 quoniam
1457 2957 1593 3011 citristiani
1608 2957 1789 3028 appellantur,

1002 3049 1085 3118 magis
1100 3050 1291 3105 observandum
1306 3057 1349 3104 est
1360 3065 1438 3118 quant
1453 3048 1567 3114 ludatis,
1582 3048 1723 3118 dequibus
1739 3048 1789 3103 boc

1001 3137 1067 3192 dixit
1081 3137 1238 3208 apostotus,
1254 3153 1288 3193 ne
1308 3137 1441 3192 oliendant
1462 3137 1489 3191 in
1510 3136 1620 3207 lapidem
1644 3135 1791 3202 offensionis

1002 3227 1057 3295 (id.
1071 3243 1111 3294 ts,
1125 3228 1186 3295 bii,
1201 3228 1272 3283 uelut
1286 3235 1378 3297 argute
1395 3226 1559 3281 delendendo
1573 3234 1694 3279 naturam
1714 3232 1741 3278 et
1757 3224 1790 3278 li-

1001 3318 1092 3372 bcrum
1119 3319 1274 3380 arbitrium,
1294 3317 1514 3387 quemadmodum
1539 3316 1686 3387 pitilosopbi
1711 3316 1788 3384 lrttjus

1002 3407 1102 3470 maradi,
1114 3409 1157 3476 qui
1172 3406 1345 3462 vehementer
1357 3415 1467 3476 egerunt
1478 3414 1505 3460 ut
1516 3414 1674 3475 putarentur
1685 3405 1725 3459 rcl
1741 3420 1788 3474 pu-

1001 3502 1088 3550 tarent
1105 3497 1155 3551 sibi
1175 3497 1277 3550 beatam
1300 3497 1380 3550 uitam
1399 3495 1494 3548 uirtute
1511 3493 1624 3563 propriae
1645 3492 1790 3548 uoluntatis

1000 3586 1162 3655 elicerem).
1177 3586 1294 3641 cavent
1307 3600 1371 3656 erqo
1383 3585 1425 3640 isti
1438 3599 1472 3640 ne
1484 3599 1531 3654 per
1542 3583 1697 3653 sapientiam
1712 3582 1786 3637 uerbi

999 3685 1127 3733 evacuent
1139 3693 1244 3733 crucem
1263 3677 1360 3732 Christi
1375 3677 1385 3747 (
1393 3676 1400 3729 Ι
1412 3675 1470 3731 Car.
1485 3693 1504 3737 t,
1519 3676 1562 3746 ti)
1573 3717 1580 3738 ,
1593 3682 1621 3730 et
1636 3675 1684 3729 boc
1698 3675 1733 3729 sit
1745 3673 1788 3729 eis

998 3767 1133 3842 oliendere
1143 3769 1169 3823 in
1183 3766 1296 3837 lapidem
1306 3766 1468 3822 olicnsionis.
1482 3765 1578 3820 Natura
1589 3765 1657 3820 anim
1673 3764 1787 3819 bumana

998 3860 1101 3915 etiamsi
1115 3860 1141 3915 ia
1157 3860 1199 3915 ilia
1214 3860 1363 3931 integritate
1376 3860 1401 3913 in
1415 3874 1466 3929 qua
1478 3858 1581 3914 condita
1595 3864 1635 3913 cst
1646 3871 1786 3926 permanc-

998 3960 1049 4016 ret,
1064 3952 1137 4006 nullo
1158 3951 1237 4005 modat
1251 3952 1364 4021 seipsam
1380 3950 1505 4005 Creatore
1518 3962 1567 4003 suo
1579 3963 1631 4002 nou
1645 3947 1785 4016 adjurante

998 4052 1116 4099 servaret
1127 4061 1135 4099 t
1148 4058 1206 4103 curu
1222 4042 1301 4113 igitur
1313 4043 1371 4098 sine
1384 4043 1429 4097 Dei
1443 4041 1527 4112 gratia
1539 4041 1650 4096 salutern
1660 4036 1712 4094 tion
1724 4053 1786 4108 pos-

998 4138 1032 4192 slt
1048 4137 1182 4193 custodire
1197 4151 1276 4206 quant
1294 4135 1411 4203 accepim
1429 4133 1561 4203 quomodo
1576 4131 1634 4188 sine
1642 4131 1690 4185 liei
1701 4129 1785 4200 gratia

998 4237 1081 4298 potest
1098 4241 1222 4297 reparare
1233 4240 1310 4296 quam
1322 4224 1435 4295 perdidit
1449 4223 1461 4277 1

1033 4316 1077 4372 38.
1097 4315 1154 4370 Noe
1168 4323 1256 4369 autern
1272 4313 1332 4369 ideo
1352 4329 1399 4383 pro
1414 4313 1471 4367 istis
1483 4326 1536 4366 non
1555 4324 1632 4365 orare
1645 4308 1783 4374 debemus,

997 4397 1056 4476 quia
1072 4405 1094 4461 si
1109 4421 1162 4461 aon
1176 4406 1360 4475 corriguntur,
1374 4418 1466 4459 eorum
1481 4399 1661 4472 imputandum
1679 4405 1720 4452 est
1738 4411 1786 4450 uo·

997 4496 1107 4562 luntati,
1121 4497 1165 4566 qui
1180 4495 1274 4550 nolunt
1291 4494 1402 4550 credero
1421 4493 1499 4549 etiam
1514 4491 1546 4546 ad
1569 4491 1619 4545 boc
1634 4490 1718 4559 ipsum
1732 4486 1783 4541 sibi

997 4588 1167 4644 necessariam
1179 4587 1290 4657 qratiam
1298 4583 1528 4653 sitiamusque
1537 4588 1628 4652 putant
1637 4578 1783 4633 consistere

997 4675 1024 4730 in
1039 4665 1102 4731 solis
1115 4675 1214 4730 viribus
1227 4673 1377 4729 uoluntatis.
1395 4671 1461 4726 Nam
1473 4681 1500 4727 et
1512 4671 1549 4724 illi
1560 4667 1654 4738 quibus
1665 4674 1727 4719 sunt
1737 4665 1782 4720 isti

997 4767 1024 4821 in
1045 4765 1096 4820 bae
1114 4779 1194 4820 cansa
1206 4762 1315 4819 omniuo
1334 4761 1476 4826 simillimi,
1489 4759 1523 4815 de
1541 4756 1636 4827 quibus
1649 4753 1700 4809 boc
1715 4753 1782 4816 dixit

997 4858 1150 4928 apostolus,
1163 4855 1232 4927 quod
1244 4856 1387 4925 ipnarantes
1402 4852 1449 4906 Dei
1458 4849 1583 4923 justitiam
1594 4889 1602 4913 ,
1613 4856 1636 4901 et
1648 4861 1720 4902 satam
1733 4860 1778 4899 no·

996 4949 1074 5006 dentes
1085 4949 1245 5011 constituere,
1254 4945 1360 5017 justitiae
1379 4943 1428 4998 liei
1447 4958 1497 4994 non
1515 4947 1574 4994 sunt
1592 4936 1705 5009 mirera,
1718 4949 1780 5006 pro,-

996 5038 1065 5095 iecto
1077 5051 1131 5092 sua,
1142 5036 1285 5091 uoluntatis
1294 5035 1358 5089 vitio
1369 5048 1419 5087 non
1430 5029 1582 5086 credebant.
1597 5027 1654 5082 Non
1667 5024 1737 5081 euim
1751 5033 1779 5085 ut

995 5137 1085 5185 essem
1098 5127 1234 5194 infideles,
1247 5126 1408 5196 emebantur
1426 5121 1454 5176 itt
1468 5120 1577 5185 vitium3
1597 5117 1645 5173 sed
1663 5116 1779 5174 nolendo

1026 5287 1034 5319 ¹
1047 5285 1083 5335 sie
1093 5291 1145 5334 tiss.
1157 5281 1263 5333 mellotis
1274 5286 1345 5329 uotae.
1357 5284 1384 5328 tt
1394 5275 1448 5326 sad.
1461 5284 1511 5325 tm.
1525 5280 1551 5326 ct
1560 5280 1613 5325 in:
1626 5282 1675 5325 non
1685 5271 1742 5336 quia
1752 5285 1780 5324 nr

993 5344 1037 5398 itta
1049 5351 1084 5396 est
1098 5342 1200 5394 uanam
1210 5347 1279 5405 atque
1290 5337 1414 5390 uoluntatis
1427 5349 1563 5387 commun.
1577 5344 1631 5387 tor.
1642 5349 1649 5385 ε
1660 5344 1709 5386 tt‘an
1738 5335 1778 5388 uia

993 5403 1306 5467 mibamnommmqua
1322 5397 1547 5452 mtmuisumm.
1559 5405 1611 5449 tiss.
1623 5397 1686 5458 duo,
1768 5422 1778 5436 ⁴

993 5474 1293 5595 ‘immisisse'
1301 5519 1455 5596 peroratam
1470 5519 1563 5572 bonnm
1582 5520 1661 5594 codex
1673 5532 1777 5576 exornas

993 5592 1140 5648 mauritan.
1151 5589 1209 5639 toti
1219 5601 1225 5636 z
1237 5583 1339 5637 r'aastsas
1347 5589 1441 5648 porum
1449 5583 1556 5648 mamere.
1568 5592 1662 5635 ssemm
1671 5595 1713 5648 per
1721 5594 1776 5646 pra

993 5653 1053 5704 tiam
1063 5651 1103 5703 lca
1114 5649 1208 5714 (acilium
1219 5645 1339 5720 impietur,
1351 5652 1398 5695 cte.
1411 5658 1415 5666 ·

1023 5713 1058 5778 (a)
1070 5713 1119 5765 tid.
1128 5724 1207 5777 stupra,
1220 5715 1288 5777 epist.
1303 5709 1355 5768 tei,
1364 5721 1388 5756 n.
1399 5705 1448 5757 ‘let
1456 5718 1524 5770 seqq.
