3906 6390
100 264 152 321 505

99 376 220 447 lereodo,
238 390 266 435 et
284 379 311 434 in
326 377 449 433 comibus
473 375 571 448 gratias
593 373 706 444 agendo,
730 372 781 426 hoc
805 370 891 439 potius

101 473 248 544 oportuisse
270 471 341 544 quod
354 471 419 539 lici,
436 485 488 525 non
505 468 575 540 quod
594 474 682 523 nostra
704 466 825 527 rolurrtas
845 463 892 518 ha-

98 564 173 631 huit,
187 564 296 621 minime
315 564 435 619 dubitare
455 561 594 618 debemus
603 559 670 615 Nam
691 568 717 615 et
740 555 892 627 lrrajnsrnodi

99 656 250 726 exentphrm
266 654 378 726 praebuit
392 653 469 709 nobis
484 653 529 708 ille
548 651 689 718 mediator,
709 651 752 731 qui
773 664 833 704 cum
850 647 891 702 di-

98 746 190 812 xisset,
209 743 297 812 Pater,
317 746 340 800 si
358 745 414 815 fieri
428 753 526 816 potest,
539 751 650 797 transeat
666 758 682 795 a
701 757 740 796 rae
753 740 821 794 solie
834 741 889 805 iste,

99 836 243 891 humanam
260 836 286 890 in
309 851 339 892 se
356 835 519 891 rolnotalcm
538 850 571 890 es
588 832 703 889 hominis
723 833 891 902 susceptione

100 924 313 991 transieramus,
334 924 460 981 continuo
479 922 614 993 subjecit:
633 921 727 976 Verum
748 938 799 975 oon
823 919 892 990 qnod

98 1016 222 1085 monela,
237 1014 357 1086 sedquod
376 1024 404 1068 ιιι
423 1014 469 1079 ιιι,
490 1011 570 1068 Pater
596 1008 701 1083 (Mettis.
732 1026 810 1077 arur,
832 1011 889 1083 59).

99 1106 175 1172 Unde
193 1123 245 1162 non
256 1106 390 1163 immerito
403 1106 540 1178 peronius
553 1105 731 1162 obedientiam
746 1104 810 1175 justi
826 1119 891 1160 con-

97 1196 244 1253 stituuntur
257 1198 335 1253 multi
358 1198 446 1268 (ιιοιιι.
461 1214 489 1265 ι,
499 1197 553 1269 to).

132 1288 177 1344 ιι.
193 1289 318 1360 Quisquis
330 1298 419 1346 autem
436 1289 508 1351 iilam
528 1303 606 1344 unam
622 1288 688 1359 petit
700 1286 850 1353 ebornino,
864 1294 892 1344 ct

97 1380 167 1439 haue
174 1381 285 1453 requirit
309 1375 480 1451 (Psalmo,
504 1380 544 1450 ι),
558 1389 648 1436 certus
663 1394 695 1435 ac
711 1393 820 1435 seenrm
841 1394 891 1450 pe·

97 1471 139 1536 tit,
152 1486 202 1527 nec
217 1470 293 1527 timet
308 1486 342 1527 ne
356 1470 424 1528 lorte
435 1470 506 1527 obsit
523 1485 584 1525 curn
597 1467 750 1540 acceperit,
767 1467 890 1538 sineque

97 1559 163 1615 nihil
181 1559 290 1631 prodest
305 1559 433 1632 quidquid
455 1559 528 1616 aliud
549 1559 661 1627 orando,
685 1559 754 1614 sient
774 1566 889 1630 oportet,

96 1650 238 1719 acceperit.
256 1650 314 1721 ipsa
333 1660 374 1706 est
385 1650 457 1707 enim
474 1666 526 1706 uara
538 1666 601 1706 rera
613 1659 640 1705 et
652 1649 708 1704 sola
721 1648 797 1704 beata
812 1648 865 1703 uita
880 1689 889 1716 ,

97 1749 126 1797 ιιι
138 1742 350 1813 contemplemur
363 1741 468 1798 Domini
483 1740 685 1796 delectationem
700 1739 726 1793 in
749 1748 889 1808 aeternum,

96 1833 261 1891 immortales
280 1843 360 1906 atque
374 1832 588 1903 incorruptibiles
608 1846 720 1901 corpore
738 1839 765 1886 et
782 1830 889 1902 spiritu.

96 1925 208 1996 Propter
220 1927 289 1982 hanc
300 1941 379 1983 uuam
398 1933 495 1981 cetera
509 1925 695 1994 requiruntur,
710 1931 737 1978 et
749 1937 802 1977 non
816 1921 891 1978 inde·

98 2023 194 2071 center
207 2024 341 2088 petuntur.
357 2015 572 2087 islamquisquis
582 2014 713 2080 hahuerit,
727 2015 890 2084 omniaque

97 2106 155 2160 rnit
168 2106 285 2173 lrabebit,
296 2122 346 2162 nec
357 2106 455 2175 aliquid
469 2105 505 2160 ibi
518 2106 585 2161 velle
599 2105 697 2162 habere
712 2105 809 2175 poterit
818 2103 888 2175 qnod

11 2254 17 2261 ,
96 2212 149 2251 nou
162 2197 276 2253 decebit.
290 2198 327 2252 lbi
349 2199 447 2268 quippe
467 2207 511 2252 est
529 2198 589 2252 lotas
608 2197 678 2264 vitae,
703 2213 782 2268 quern
808 2197 887 2253 sitire

97 2302 169 2353 appo
186 2295 293 2357 oportet
306 2289 333 2343 in
348 2290 478 2354 oratione,
492 2288 617 2359 quamdiu
626 2290 652 2345 in
664 2304 713 2359 spe
726 2290 849 2356 uirimus,
861 2297 890 2346 et

94 2376 166 2447 quod
180 2392 318 2447 speramns
333 2377 450 2433 nottdunt
463 2379 596 2446 ridemus,
611 2379 637 2433 in
652 2379 817 2450 protectione
830 2379 889 2434 ala-

93 2480 154 2520 rum
167 2466 244 2536 eius,
262 2478 325 2523 ante
338 2483 417 2538 quem
430 2477 472 2523 ost
488 2482 568 2523 omne
582 2467 742 2524 desiderium
756 2477 887 2535 nostrum,

95 2566 124 2612 ut
132 2556 294 2614 inebriemur
303 2558 336 2614 ab
350 2560 468 2614 ubertate
480 2559 576 2614 domus
589 2559 658 2629 ejus,
672 2569 699 2615 et
710 2569 828 2616 torrente
841 2576 888 2615 ro·

95 2647 202 2718 luptatis
220 2647 278 2719 ejus
298 2657 437 2720 potemur;
452 2649 578 2720 quoniam
601 2650 671 2721 apud
691 2666 753 2706 cum
767 2661 808 2706 est
828 2651 889 2708 lons

93 2737 178 2803 rite,
202 2747 230 2793 et
253 2737 279 2792 ia
304 2737 404 2793 iumine
426 2738 485 2808 ejus
507 2738 656 2794 ridebimus
682 2740 772 2796 lumea
799 2739 886 2811 (unt.

95 2844 181 2897 xxxv,
195 2827 284 2899 oto),
299 2828 406 2899 quando
424 2828 565 2884 satiabitur
583 2830 704 2885 inbonis
722 2829 886 2886 desiderium

93 2928 224 2990 nostrum,
238 2929 265 2977 et
279 2919 343 2976 nihil
354 2922 405 2977 orit
419 2921 487 2976 ultra
501 2921 572 2992 quod
581 2923 712 2993 gemendo
722 2936 884 2992 quaeramus,

92 3012 140 3068 scd
153 3013 222 3084 quod
233 3013 374 3084 gaudendo
388 3021 535 3069 teneamus.
552 3012 741 3069 Verumtamen
753 3012 814 3084 quia
828 3012 886 3084 ipsa

93 3113 135 3160 est
145 3120 196 3175 pax
205 3121 264 3176 quae
272 3105 514 3176 precellitomnem
525 3105 699 3169 intellectum,
711 3104 791 3159 etiaim
801 3105 885 3174 ipsam

93 3195 120 3250 in
137 3197 258 3251 oratione
277 3194 421 3265 poscendo,
444 3195 507 3265 qnid
533 3209 658 3268 oremus„
672 3196 741 3251 sieut
764 3205 884 3265 oportet,

93 3284 235 3340 nescimus.
251 3284 328 3352 Quod
348 3286 418 3340 enirn
437 3286 514 3341 sicuti
534 3294 574 3340 est
592 3287 710 3356 cogitare
722 3301 775 3340 non
790 3301 885 3355 possu-

92 3391 162 3441 mus,
176 3377 268 3446 utique
282 3376 430 3441 nescimus;
445 3374 492 3431 sed
505 3376 630 3446 quidquid
651 3377 775 3446 cogitanti
789 3391 885 3431 oecur-

92 3467 171 3539 rcrit,
185 3465 335 3535 abjicimus,
353 3465 521 3534 respuimus,
543 3465 740 3534 iruprolmntus,
762 3479 814 3518 non
836 3465 886 3519 boc

90 3556 235 3627 essequod
248 3557 393 3628 quaerimus
404 3556 527 3611 saevimus
541 3597 548 3620 ,
560 3556 680 3626 quamuis
689 3555 751 3610 illud
766 3554 884 3611 nondum

91 3648 170 3720 quale
182 3649 216 3704 sit
231 3649 394 3704 noverimus.

128 3738 242 3806 ChPUT
262 3738 319 3794 XV.
329 3768 364 3778 -
384 3737 429 3794 28.
450 3738 497 3792 Est
508 3751 571 3808 ergo
582 3736 696 3792 innobis
709 3737 841 3807 quaedam,
855 3745 885 3792 ut

91 3831 127 3887 ita
141 3831 238 3898 dicam,
253 3830 330 3886 docta
346 3829 504 3901 ignomntia,
521 3828 567 3884 sed
581 3828 658 3883 docta
668 3828 761 3899 spirito
777 3829 823 3882 liei
838 3829 883 3898 qui

92 3921 200 3992 adjuvat
215 3919 396 3975 intirmitatem
409 3929 538 3974 nostram.
551 3915 616 3972 Nam
626 3933 686 3972 curn
695 3916 884 3988 dixisscthpo·

91 4013 191 4080 stolus,
204 4011 235 4068 Ss'
249 4021 332 4067 nutent
345 4012 413 4082 quod
426 4028 476 4066 ιιιιιι
490 4011 601 4064 uidentes
615 4026 762 4082 speramns,
777 4028 821 4080 per
837 4028 883 4084 prr·

91 4105 203 4170 tientium
216 4112 387 4174 exspectemus
403 4118 413 4168 ,·
436 4102 472 4158 ibi
495 4102 630 4172 subjecit:
647 4101 770 4157 Similiter
784 4112 806 4158 et
822 4104 884 4177 Spi-

91 4197 154 4252 ritss
168 4196 271 4268 adjurat
285 4196 457 4266 infirmitatem
470 4204 581 4249 ιιοιιιιιιιι
596 4194 679 4264 :quid
693 4195 757 4248 etaim
772 4211 880 4260 crearas,

90 4289 155 4343 sicut
165 4295 272 4360 oportet,
285 4289 425 4353 uesoirnss;
439 4288 483 4341 seri
492 4289 546 4357 lpse
558 4285 671 4354 Spiritus
681 4286 821 4354 interpellet
835 4304 881 4356 pre

92 4379 163 4436 nobis
184 4378 315 4451 geraritihas
337 4378 555 4440 irreparruhilihsts.
583 4377 632 4441 Qui
653 4384 736 4430 colem
756 4388 883 4432 serutatur

90 4469 182 4538 cordo,
203 4472 250 4525 scit
263 4472 324 4542 qttid
341 4471 454 4540 Spiritus
468 4470 563 4539 sapiet,
578 4471 638 4538 quio
649 4470 785 4525 secrrorlunr
800 4468 883 4529 Deum

90 4563 231 4634 interpellet
246 4578 292 4633 pro
307 4562 400 4619 scortis
425 4561 515 4634 (honr.
538 4576 603 4627 utrr,
617 4559 726 4631 sset).
738 4559 812 4627 Quod
828 4569 885 4614 oon'

90 4653 131 4709 sic
145 4661 187 4709 est
200 4652 407 4724 intelligendum,
424 4659 454 4706 nt
467 4651 650 4708 existimemus
664 4659 783 4705 sanetum
797 4649 880 4720 Spiri-

90 4753 146 4802 tum
164 4745 229 4813 llei,
245 4745 290 4817 qui
309 4745 336 4799 in
356 4744 485 4799 Trinitate
505 4743 727 4799 irteonrmutahilis
742 4744 810 4797 lieris
828 4751 879 4809 est,

90 4847 187 4894 etcum
197 4837 276 4893 Patre
294 4846 321 4892 et
340 4835 408 4890 Filio
428 4851 497 4891 urens
515 4835 599 4901 oens,
622 4844 745 4904 tanquam
765 4834 880 4903 aliquem

89 4930 134 5000 qui
144 4946 198 4985 non
213 4929 248 4985 sit
264 4928 335 5000 quod
351 4929 419 4983 [leros
438 4938 490 4993 est,
510 4926 678 4997 interpellare
700 4941 747 4995 pro
762 4925 878 4980 sanetis:

89 5019 188 5075 dictum
198 5020 296 5092 quippe
309 5027 366 5086 est,
381 5016 530 5087 interpellet
540 5035 586 5088 pro
600 5018 710 5082 sciretis,
726 5015 787 5087 quia
799 5015 883 5070 irater«

89 5108 190 5180 pellere
202 5117 309 5164 sanctos
322 5107 399 5174 lacit;
410 5109 479 5164 sicut
490 5106 590 5162 diction
601 5119 652 5175 est,
667 5107 755 5162 Tentat
768 5124 810 5162 eos
824 5105 878 5160 lio·

88 5200 171 5256 minas
182 5198 249 5256 Deus
258 5209 347 5268 amtor,
360 5210 386 5255 ot
395 5201 458 5256 sciat
470 5201 492 5254 si
504 5200 616 5271 diliputis
628 5216 685 5255 eom
707 5198 798 5270 (Brut.
821 5214 878 5262 xttr,

89 5291 116 5360 5)
131 5332 138 5355 ,
155 5291 207 5346 hoe
224 5299 266 5346 est
280 5297 309 5346 nt
323 5289 392 5347 seire
413 5305 461 5345 res
485 5289 574 5347 saciat.
601 5289 771 5360 interpellare
792 5289 880 5359 itaquo

88 5378 269 5437 sanctosiaeit
280 5380 421 5451 gemitibus
439 5380 674 5447 inenarrabilibus,
689 5379 823 5450 inspirans
840 5379 881 5436 eis

89 5471 249 5527 desiderium
266 5471 347 5527 etiam
371 5471 458 5528 adhuc
480 5472 620 5543 incognitae
641 5480 721 5527 tante
742 5471 781 5527 rei
800 5485 880 5542 quam

88 5576 136 5631 per
150 5562 302 5629 patientiam
315 5571 509 5633 exspectamus.
518 5561 657 5630 Quomodo
666 5564 736 5619 enirn
748 5572 878 5629 narratur,

88 5655 196 5733 quando
213 5655 379 5714 desideratur
390 5693 400 5726 ,
413 5655 484 5731 quod
497 5656 634 5730 ignoratur
649 5658 661 5719 t
674 5673 734 5712 nam
755 5658 843 5730 utiquc
856 5657 877 5713 si

761 5929 780 5964 ἢ

672 249 911 311 semiobolum
932 249 1070 309 ChhSSlS
1097 251 1139 309 Ιιι.

1688 264 1740 323 ιιι

948 371 1102 425 οιιιιιιιιιιιιιο
1116 371 1292 441 ignoraretur,
1308 388 1360 430 non
1374 375 1586 448 desiderat-omn
1601 389 1739 450 etrrtrsus,

945 463 967 517 si
978 464 1121 532 rideretur,
1137 480 1189 520 aton
1201 465 1407 537 desideraretur,
1421 486 1469 526 nee
1480 472 1621 542 gemitibus
1632 489 1739 545 quarc-

946 566 1030 609 retnr.

980 645 1103 702 CAPUT.
1124 646 1195 702 xit.
1206 642 1295 704 -io
1318 648 1380 705 lime
1398 652 1486 706 ‹anartia
1506 653 1696 724 considerans,
1710 661 1738 712 el

944 736 1047 807 siquid
1069 738 1140 793 aliud
1164 739 1196 795 tle
1221 739 1269 795 hae
1289 756 1318 796 re
1337 742 1384 796 tibi
1406 742 1533 798 [ιοιιιίιιιιε
1552 744 1735 811 insinuaverit,

945 827 1016 897 equod
1029 829 1069 883 rel
1083 829 1146 883 ruihi
1160 845 1210 883 raon
1226 832 1351 897 occurrit,
1363 832 1404 886 tei
1418 831 1468 887 dici
1481 849 1496 886 a
1510 849 1552 888 mc
1562 835 1667 905 longrrm
1676 833 1735 899 teir,

944 930 1067 975 concerta
1082 921 1107 975 in
1119 921 1239 977 oratione
1251 921 1357 978 vincere
1367 922 1418 977 hoc
1428 925 1571 991 saeculunt;
1584 941 1628 979 ora
1640 925 1666 980 in
1676 940 1735 996 spe,

944 1026 990 1066 ora
1004 1012 1117 1068 hdclitcr
1129 1020 1297 1080 clamanter,
1310 1028 1357 1069 ora
1369 1014 1497 1070 instanter
1506 1024 1585 1087 atque
1593 1017 1733 1086 patienter,

944 1119 990 1158 ora
1001 1103 1071 1158 sieut
1085 1103 1162 1158 vidua
1177 1101 1284 1158 Christi.
1299 1103 1425 1172 Quamuis
1435 1106 1504 1164 enim
1514 1106 1546 1160 ad
1556 1107 1737 1163 omniamem·

943 1193 990 1249 bra
1007 1193 1075 1263 ejuS,
1090 1193 1141 1250 hoc
1160 1204 1202 1250 est
1219 1193 1252 1249 ad
1271 1210 1365 1254 omnes
1382 1194 1427 1264 qrri
1444 1195 1470 1250 in
1484 1213 1545 1256 eum
1562 1196 1693 1265 credunt,
1707 1205 1736 1253 et

943 1285 1001 1356 ejus
1021 1287 1125 1358 corpori
1139 1287 1284 1356 sociantur,
1305 1286 1483 1356 sicutdecuit,
1503 1303 1580 1344 orare
1592 1290 1733 1359 pertineat,

943 1376 1093 1447 specialiter
1106 1388 1194 1440 tannen
1212 1378 1363 1450 diligentior
1380 1395 1445 1437 eura
1456 1380 1606 1436 orationum
1618 1381 1645 1436 in
1663 1380 1736 1438 Seri·

942 1465 1027 1537 ptoris
1041 1465 1100 1538 ejus
1119 1466 1205 1522 uiduis
1224 1467 1357 1524 inuenitur
1373 1466 1500 1539 injuncta.
1521 1468 1587 1526 llam
1602 1469 1661 1525 dum
1672 1468 1733 1528 ιιιιι·

943 1565 1005 1610 runt
1023 1557 1107 1611 Aurae
1128 1555 1317 1614 honorabiliter
1339 1559 1491 1628 nominatae,
1519 1575 1572 1615 una
1594 1560 1734 1633 conjugata

942 1659 1002 1720 qoae
1016 1655 1136 1702 sanetum
1150 1645 1300 1703 Samuelem
1316 1650 1429 1719 peperit,
1440 1648 1491 1705 alia
1505 1648 1652 1722 viduaque
1665 1651 1728 1707 San

941 1742 1013 1791 etum
1019 1744 1182 1804 sanctorum,
1191 1754 1251 1793 cunr
1262 1738 1348 1794 adbuc
1357 1737 1444 1795 iulans
1451 1749 1533 1806 esset,
1541 1742 1656 1812 agnovit.
1665 1740 1733 1798 ora·

941 1827 980 1882 rit
991 1836 1018 1884 et
1031 1829 1169 1901 octojugem
1184 1833 1209 1885 ln
1225 1830 1319 1888 dolore
1332 1832 1414 1888 animi
1431 1841 1458 1887 et
1469 1831 1612 1890 afflictione
1624 1834 1731 1901 cordis„

941 1918 1002 1990 quia
1020 1918 1089 1975 lilios
1111 1921 1300 1982 posthabebas
1316 1939 1323 1977 :
1338 1931 1401 1979 tune
1414 1923 1500 1994 ipsum
1516 1922 1666 1984 Sanruelem
1681 1926 1732 1980 im·

941 2013 1071 2082 petmrit,
1087 2023 1115 2071 et
1126 2015 1333 2085 acceptamheo
1343 2015 1468 2082 reddidit,
1481 2017 1542 2086 qnia
1563 2033 1623 2083 urm
1640 2032 1734 2087 prosce-

942 2111 994 2169 ret,
1009 2102 1081 2158 norit
1101 2104 1128 2176 (l
1147 2105 1212 2177 llep.
1231 2105 1342 2176 apsqu
1364 2106 1451 2162 oratio
1469 2107 1527 2178 eius
1543 2082 1731 2178 quomodoffld

941 2194 1088 2250 orationem
1103 2195 1173 2250 illam
1188 2196 1348 2253 dominicam
1367 2199 1515 2274 pertineat,
1529 2213 1582 2255 non
1600 2199 1676 2255 lacile
1686 2214 1730 2256 re·

942 2285 1060 2356 peritur,
1074 2287 1125 2342 nisi
1139 2288 1200 2358 quia
1215 2288 1241 2343 in
1255 2304 1288 2345 eo
1300 2288 1370 2365 quod
1386 2289 1421 2345 ibi
1438 2291 1552 2361 positum
1567 2299 1625 2356 est,
1640 2289 1731 2345 Libere

941 2395 1014 2434 noso
1028 2380 1173 2454 aminoen
1187 2395 1297 2451 parrum
1310 2382 1408 2444 malurn
1421 2381 1570 2447 ridebatur,
1580 2393 1607 2440 et
1620 2394 1730 2453 nuptam

940 2484 1009 2536 esse,
1028 2479 1055 2526 et
1069 2469 1155 2527 lruetn
1169 2487 1260 2527 carere
1275 2473 1438 2544 nuptiarum,
1458 2489 1519 2529 eum
1544 2475 1602 2531 sola
1621 2483 1731 2530 excuset

940 2561 1046 2629 nuptias
1064 2561 1289 2630 procreandorum
1309 2579 1389 2618 causa
1406 2563 1532 2619 hliorum.
1551 2565 1589 2620 lie
1607 2566 1649 2620 illa
1666 2581 1730 2622 uero

940 2648 1016 2703 Anna
1028 2649 1106 2704 vidua
1119 2650 1177 2705 tide
1187 2651 1248 2720 quid
1259 2652 1386 2721 scriptum
1399 2653 1433 2707 sit
1447 2670 1454 2706 :
1470 2652 1536 2719 Quia
1550 2671 1601 2709 troo
1615 2655 1729 2710 discede·

940 2737 981 2792 het
994 2739 1025 2792 de
1040 2738 1143 2809 templo,
1154 2740 1262 2810 jejuniis
1274 2752 1296 2795 et
1304 2743 1514 2798 obsecrationibus
1530 2746 1639 2799 seroiem
1658 2754 1730 2800 nocte

938 2844 969 2889 or
982 2829 1022 2882 die
1035 2828 1111 2902 (Lae.
1122 2845 1151 2894 u,
1166 2831 1211 2896 oo,
1221 2833 1276 2902 37).
1289 2831 1731 2905 Necoliuudedpostolos,quodet

939 2932 1018 2989 sopra
1026 2921 1231 2976 commemorari
1243 2939 1250 2975 :
1262 2920 1326 2987 Quoe
1334 2931 1418 2977 autem
1426 2939 1481 2978 aere
1490 2924 1565 2977 uidae
1575 2933 1621 2989 est,
1631 2925 1728 2995 inquit,

938 3016 961 3063 et
972 3009 1095 3079 desolate,
1104 3013 1213 3083 sperauit
1224 3013 1250 3068 in
1262 3012 1382 3082 Domino,
1393 3024 1417 3069 ct
1424 3016 1533 3087 persistit
1542 3016 1730 3076 iuorutionibtts

938 3112 1011 3156 nocte
1026 3119 1055 3156 ec
1076 3104 1117 3159 dic
1141 3102 1161 3174 (l
1176 3104 1241 3158 Tine.
1253 3120 1280 3170 v,
1293 3105 1321 3177 5)
1336 3125 1343 3160 :
1357 3113 1385 3161 et
1398 3106 1524 3161 [iomimrs
1543 3122 1604 3162 cum
1623 3121 1730 3177 semper

937 3193 971 3248 ad
985 3194 1131 3260 orandum,
1145 3204 1173 3251 et
1185 3211 1236 3251 non
1251 3195 1427 3253 deliciandum
1442 3213 1491 3253 nos
1504 3197 1673 3267 hortaretur,
1686 3198 1728 3254 ri·

937 3285 1016 3340 duam
1030 3288 1261 3355 commemorarit,
1276 3304 1336 3359 quae
1357 3289 1419 3345 lieet
1436 3289 1554 3360 iniquum
1572 3298 1600 3346 et
1618 3290 1728 3359 impium

934 3374 1069 3445 judicem,
1084 3394 1116 3434 ac
1132 3379 1176 3434 bet
1192 3387 1219 3434 et
1236 3380 1372 3435 hominum
1387 3389 1614 3450 contemptorem,
1631 3380 1664 3435 ad
1679 3397 1728 3436 au·

937 3465 1061 3522 diendam
1076 3482 1184 3522 eausam
1197 3482 1273 3522 suam
1287 3468 1394 3524 assidue
1408 3468 1602 3540 interpellando
1612 3485 1727 3526 conver·

937 3557 977 3612 tit.
989 3558 1072 3627 Quam
1083 3574 1147 3629 ergo
1162 3574 1216 3629 prae
1230 3560 1335 3615 caeteris
1348 3560 1433 3616 tiduae
1445 3561 1542 3616 debent
1560 3576 1654 3617 uacare
1664 3577 1727 3618 ora·

937 3649 1072 3718 tionibus,
1086 3650 1151 3706 satis
1161 3650 1224 3707 hinc
1237 3651 1345 3724 intelligi
1358 3662 1456 3724 potest,
1471 3653 1541 3724 qnod
1556 3655 1680 3711 omuibus
1693 3654 1727 3711 sd

936 3739 1133 3810 suscipiendum
1154 3740 1248 3796 orandi
1268 3741 1385 3797 studium
1408 3742 1443 3799 de
1461 3743 1547 3799 uiduis
1561 3744 1727 3815 propositum
1831 3801 1837 3817 ,

936 3839 976 3885 est
989 3830 1181 3888 exhortationis
1193 3833 1355 3904 exernplum.

971 3921 1014 3976 30.
1035 3921 1104 3990 Quid
1125 3931 1215 3979 autem
1238 3923 1264 3978 in
1285 3924 1336 3986 hoc
1359 3927 1447 3997 operis
1471 3942 1569 3997 genere
1591 3927 1618 3983 in
1640 3929 1727 3986 uiduis

935 4010 1048 4066 eiectum
1064 4019 1124 4077 est,
1142 4013 1192 4067 nisi
1210 4012 1347 4071 destitutio
1359 4023 1386 4069 et
1397 4014 1546 4071 desolatio?
1560 4017 1728 4088 Quapropter

934 4101 956 4155 si
972 4119 1002 4158 se
1016 4104 1105 4160 omnis
1118 4105 1207 4160 anima
1221 4106 1349 4177 intelligat
1362 4107 1387 4162 io
1400 4108 1451 4163 hoc
1465 4109 1564 4164 samolo
1573 4109 1727 4173 destitutam

933 4202 1013 4261 atque
1034 4192 1196 4260 desolatam,
1212 4196 1337 4265 quamdiu
1356 4198 1538 4269 peregrinatur
1557 4213 1573 4253 a
1596 4199 1723 4266 batarino,

933 4284 1051 4354 proiecto
1073 4286 1215 4356 quamdam
1234 4286 1388 4343 viduitatem
1408 4302 1483 4348 saram
1508 4287 1563 4344 lieo
1591 4288 1726 4350 defensori

933 4376 1037 4430 assidua
1051 4385 1078 4432 et
1095 4377 1290 4448 impensissima
1307 4379 1461 4449 precatione
1478 4380 1657 4435 commendat.
1670 4379 1724 4436 Ora

933 4480 997 4536 ergo
1010 4474 1038 4521 ut
1052 4466 1129 4522 sidua
1142 4467 1257 4534 Christi,
1276 4468 1393 4524 nondum
1413 4469 1514 4525 habens
1535 4469 1593 4540 ejas
1610 4485 1725 4542 conspe·

933 4563 1016 4621 ctum,
1032 4556 1108 4626 cujus
1121 4557 1239 4627 precaris
1257 4559 1393 4619 auxilium.
1409 4559 1568 4622 litlicetsis
1581 4560 1725 4630 ditissima,

933 4632 1001 4700 sieut
1022 4662 1119 4716 pauper
1134 4663 1179 4702 ora
1196 4666 1202 4701 :
1221 4647 1338 4704 raorrdum
1352 4648 1423 4704 euim
1447 4665 1524 4705 veras
1539 4651 1724 4712 loturi.sa·culi

932 4735 1038 4792 divitias
1051 4736 1144 4802 habes,
1153 4739 1198 4794 ubi
1210 4740 1281 4795 nulla
1291 4739 1387 4795 danrna
1396 4739 1530 4796 formides.
1544 4741 1733 4802 coaetaneae

932 4825 1001 4880 hlios
1019 4834 1048 4882 et
1066 4835 1185 4898 nepotes,
1208 4829 1586 4899 numerosamqueolamlliam,
1602 4831 1673 4901 quod
1696 4841 1725 4893 et

932 4930 1012 4985 supra
1034 4917 1134 4972 dictum
1159 4927 1211 4985 est,
1232 4919 1303 4976 sicot
1323 4919 1442 4976 desolata
1457 4937 1503 4977 ora
1519 4937 1526 4974 a
1542 4922 1640 4978 ineerta
1661 4933 1724 4982 suot

932 5007 1003 5061 enim
1024 5007 1113 5063 omnia
1133 5010 1300 5079 temporalia,
1319 5011 1401 5065 etiarn
1420 5012 1548 5082 usquein
1567 5012 1646 5068 duem
1662 5014 1724 5070 vita

932 5098 1010 5170 hujus
1025 5100 1051 5156 in
1070 5102 1411 5157 nostramconsolationem
1432 5119 1566 5160 nrarrsura.
1580 5105 1624 5164 'lu
1634 5114 1723 5167 autem

931 5192 954 5248 si
967 5208 1068 5264 eaquae
1079 5208 1183 5249 sursum
1196 5203 1259 5249 stant
1273 5195 1370 5266 quaeris
1383 5205 1411 5250 ct
1422 5196 1505 5265 sapis,
1518 5207 1617 5252 eterra
1629 5206 1656 5253 et
1668 5212 1726 5252 eer-

932 5292 959 5339 ta
979 5283 1124 5350 desideras,
1152 5301 1212 5357 quae
1237 5285 1363 5356 qoamdiu
1382 5286 1499 5341 noandum
1524 5286 1616 5356 habes,
1640 5288 1723 5344 etiam

932 5375 1013 5431 salvis
1024 5376 1237 5448 omnihusatqne
1247 5377 1453 5449 obsequentibus
1465 5377 1525 5446 tuis,
1538 5386 1663 5451 tanquam
1669 5380 1723 5439 ¹de·

932 5468 1044 5533 solutam
1058 5468 1186 5539 deputare
1208 5478 1234 5525 te
1250 5469 1345 5525 ddaes.
1362 5469 1431 5527 Etsi
1453 5480 1492 5537 tu,
1506 5470 1624 5541 prolecto
1641 5471 1722 5528 etiarn

932 5566 979 5615 tuo
993 5560 1115 5631 exemplo
1130 5560 1329 5630 religiosissima
1345 5577 1427 5616 rrrrnrs
1441 5569 1496 5629 tna,
1510 5571 1537 5619 et
1551 5563 1609 5619 aliae
1623 5573 1724 5619 saneta

932 5654 1018 5714 uiduae
1032 5655 1199 5732 uirginesque
1214 5655 1264 5713 suh
1280 5664 1366 5714 restra
1380 5671 1444 5716 eura
1458 5658 1577 5716 mentius
1591 5656 1719 5717 comtitu·

1720 6066 1724 6075 ¹
1753 5850 1836 6000 Ι
