3906 6390
231 221 283 282 495

229 336 351 401 beamus,
371 335 441 391 trulla
458 344 500 388 toa
522 333 657 403 petitione,
679 330 758 386 nullis
777 331 881 386 illorum
901 329 1024 402 precibus

231 424 302 482 hecti
318 426 472 496 poterimus,
488 423 512 478 in
525 423 588 478 ritio
598 422 679 479 Stoici
696 428 805 492 portent,
823 436 935 491 eamque
953 435 966 473 a
982 435 1024 474 sa·

229 515 327 588 pientis
347 515 436 570 animo
457 513 562 584 penitus
583 513 733 598 expellunt,
752 528 830 584 qrrem
851 527 960 582 prorsus
972 511 1021 566 ler-

229 619 305 660 reom
316 613 344 661 et
354 603 525 660 inflexibilem
539 604 640 660 volunt.
657 603 750 658 itelios
768 603 855 673 itaqne
870 603 915 657 tibi
929 616 1022 658 occur·

228 705 301 751 teret
314 694 347 749 do
358 704 403 749 ιιιο
417 693 546 750 Cicerone
560 692 630 764 qrrod
644 693 757 758 diceres,
768 693 811 764 qui
826 691 956 749 enarrem
971 692 1023 746 lau·

228 782 295 840 dans
306 802 313 839 ι
326 782 353 838 N
355 783 418 850 allo,
432 784 527 854 inquit,
539 785 571 838 dc
582 783 712 838 cirtalibas
725 784 775 838 tais
789 783 971 849 admirabilior,
984 783 1023 836 ecl

228 876 324 951 pratior
335 876 505 932 misericordia
516 887 551 932 est
565 875 651 945 (Orat.
666 892 712 948 pro
727 875 759 942 Q.
777 872 902 946 Ligario).
918 874 1021 941 Quanto

226 970 312 1041 arogis
322 969 400 1024 debet
413 983 444 1024 ea
455 969 481 1022 in
495 964 618 1023 Ecclesiis
633 965 966 1037 praevalere,rpmndoeum
977 978 1021 1020 se·

225 1071 345 1134 errentur
353 1060 397 1131 qui
405 1059 482 1125 distr,
493 1059 548 1130 [ipa
557 1075 611 1112 sant
620 1058 754 1129 rialloan.
766 1072 824 1124 xm,
833 1057 876 1128 b);
887 1056 1019 1126 allegunt,

229 1152 359 1212 [lniaerse
372 1151 532 1209 elebamini
550 1149 719 1205 misericordia
732 1159 755 1205 et
768 1150 866 1202 arr-itas.
882 1145 940 1203 Noli
958 1162 1021 1216 ergo

226 1257 346 1303 metuere
361 1244 544 1301 innocentibus
556 1258 590 1297 ne
609 1242 748 1296 moliamur
764 1240 883 1305 esitium,
904 1239 949 1310 qui
972 1253 1021 1292 nee

226 1346 354 1393 nocentes
368 1336 489 1392 volumus
507 1335 540 1390 ad
561 1334 668 1405 dignum
687 1333 843 1402 supplicium
863 1332 1017 1403 pervenire;

226 1427 384 1500 prohibente
395 1443 443 1483 nos
456 1429 499 1482 ilia
515 1425 696 1482 misericordia
709 1441 787 1496 arram
797 1425 822 1478 in
841 1424 947 1479 Christo
959 1438 1019 1478 eum

226 1519 337 1574 ueritate
351 1518 494 1588 diligimus.
516 1516 569 1572 Sed
581 1516 626 1586 qui
639 1515 709 1570 vitiis
730 1514 877 1569 nutriendis
896 1514 979 1583 parcit
993 1522 1019 1568 et

225 1604 306 1674 limet,
321 1625 354 1664 ne
368 1609 505 1663 contristet
522 1606 686 1678 peccantium
708 1605 880 1672 voluntatem,
898 1613 949 1660 tani
965 1619 1018 1659 uon

225 1709 268 1756 est
293 1700 443 1755 misericors
469 1713 548 1769 qrram
571 1698 616 1768 qui
636 1711 689 1751 uon
710 1697 768 1751 ruit
786 1696 899 1752 cultrum
926 1711 1019 1766 rapere

225 1780 319 1861 parere,
331 1805 365 1846 ne
378 1789 466 1844 audiat
480 1791 637 1858 ptorantem,
652 1798 678 1842 et
690 1802 742 1842 non
758 1787 832 1841 timet
849 1801 883 1841 ne
896 1787 1019 1844 nutriera-

224 1891 283 1937 tum
301 1881 391 1936 doleat
412 1881 454 1937 rel
479 1880 648 1936 exstinctum.
662 1879 743 1935 Serra
765 1893 828 1948 ergo
842 1878 952 1949 tempori
968 1892 1016 1949 ap-

224 1981 339 2043 partuno
350 1970 420 2042 quod
438 1968 507 2041 apud
528 1984 577 2025 nos
595 1983 668 2039 agas,
680 1983 728 2038 pro
750 1968 791 2022 his
815 1967 975 2034 hominibus,
992 1967 1017 2020 in

225 2076 336 2134 quorum
349 2060 490 2117 dilectione
499 2060 543 2132 (da
557 2059 673 2128 reniam)
682 2075 733 2114 non
747 2059 832 2113 solum
846 2072 895 2113 nos
908 2058 1018 2127 minime

224 2150 365 2221 praesen,
378 2150 424 2206 sed
443 2165 492 2206 aee
506 2150 591 2206 adhue
604 2149 737 2220 senuerim
753 2158 780 2205 et
792 2149 910 2206 rescribe
930 2149 1017 2221 potius

224 2236 288 2313 quid
300 2251 326 2297 te
338 2242 371 2298 de
383 2242 433 2297 hae
450 2240 492 2296 via
506 2248 611 2298 moreat
624 2255 702 2312 quarn
719 2249 851 2307 tenemus,
871 2247 899 2296 et
921 2239 947 2294 in
966 2255 1016 2309 oria

224 2327 363 2389 nobiscnm
375 2329 407 2386 ad
416 2346 557 2403 supernam
573 2331 693 2402 patriam.
710 2339 795 2400 qirate
805 2329 929 2386 delectari
943 2330 1017 2386 nori·

224 2432 286 2478 utus
297 2429 324 2478 et
336 2420 491 2493 gaudemus,
508 2430 536 2476 ut
548 2420 676 2493 gradiaris
691 2422 829 2476 instamus.

260 2508 305 2570 ii.
317 2513 395 2568 Cives
407 2521 495 2568 autem
509 2513 623 2568 earnalis
637 2512 728 2582 patrie
741 2520 802 2579 ture,
819 2513 869 2568 etsi
888 2528 941 2568 non
959 2527 1016 2569 om·

224 2618 286 2673 ses,
299 2603 346 2660 sed
357 2604 484 2675 qtrosdam
497 2604 652 2659 innoeentes
665 2603 771 2673 quidem
786 2602 890 2670 dixisti3
908 2619 1015 2659 verum·

224 2703 324 2763 nmen,
338 2691 408 2766 qrrod
422 2696 520 2752 relecta
532 2694 696 2764 illaopistola
706 2709 764 2749 mea
774 2693 1013 2765 debesadrcrtere,

224 2800 278 2843 non
292 2785 443 2842 defendisti.
460 2787 577 2855 Quorum
598 2801 650 2841 noir
673 2784 763 2854 dores,
783 2785 830 2843 sed
854 2786 944 2857 spinas
967 2802 1015 2843 nos

224 2878 341 2935 sensisse
352 2892 412 2933 cum
426 2867 554 2942 dicerem,
567 2876 731 2949 respondens
743 2877 776 2934 ad
785 2876 849 2933 illud
862 2878 932 2950 qiiad
947 2879 1014 2934 seri·

224 2978 326 3039 meres,
336 2967 474 3025 herentem
489 2976 515 3024 te
527 2982 625 3038 cripere
636 2967 747 3038 patriam
761 2968 920 3039 relinquere,
930 2969 1014 3039 jocari

224 3073 268 3115 mc
281 3059 390 3131 parasii.
404 3056 460 3114 flue
474 3058 575 3114 scilicet
588 3058 614 3113 in
629 3057 706 3114 malis
719 3059 800 3115 tantis
815 3058 910 3115 libeatl
925 3061 961 3115 ita
973 3069 1015 3116 est

223 3164 343 3222 prorsus.
358 3149 471 3206 Fumant
480 3150 567 3206 adime
580 3151 664 3205 ruinae
678 3149 793 3206 incensae
802 3151 932 3219 emissis,
947 3159 975 3208 et
987 3153 1014 3208 in

223 3253 257 3296 ea
268 3254 347 3296 causa
358 3239 552 3310 nosjoeamorl
573 3240 605 3295 Et
621 3255 670 3309 epo
681 3241 786 3311 quidem
802 3244 920 3313 qriamris
935 3244 1013 3300 inno·

222 3337 314 3385 centes
335 3329 388 3385 illic
399 3329 463 3384 mihi
479 3345 531 3385 non
544 3341 724 3397 occurrerent,
740 3331 789 3386 nisi
803 3334 846 3403 qui
860 3342 905 3389 aut
918 3335 1014 3392 absen-

224 3425 264 3474 tes
277 3417 393 3486 lucrant,
404 3426 450 3474 aut
464 3420 533 3474 mala
546 3418 589 3474 illa
603 3419 721 3490 perpessi
735 3430 806 3484 sunt,
822 3432 869 3477 aut
887 3424 965 3480 nullis
979 3426 1013 3480 ad

222 3509 417 3581 prohibendum
431 3510 531 3566 viribus
539 3511 581 3566 rel
595 3512 753 3568 auctoriate
767 3510 914 3581 valuerunt,
925 3525 1013 3572 tamen

221 3602 414 3658 nocentioresa
425 3601 707 3658 minusnocentibusin
718 3602 1011 3672 rescribendodistinri,

222 3688 354 3761 shamque
367 3705 475 3746 eausam
488 3692 563 3761 posui
576 3706 667 3746 eorum
682 3691 725 3762 qui
737 3692 884 3749 timuerunt
896 3695 1013 3754 ederede-

222 3791 252 3838 re
266 3789 387 3850 potentes
404 3777 526 3836 heinricos
540 3775 675 3847 Ecclesiae,
699 3782 777 3837 ailam
791 3798 882 3840 eornm
896 3786 941 3855 qui
961 3786 1013 3844 hoe

221 3872 352 3927 committi
374 3872 517 3927 voluerunt
529 3889 535 3928 :
549 3873 627 3927 aliam
648 3888 739 3930 eorum
755 3862 1012 3947 qutron'nnsernm,

861 220 895 291 S.¹
909 215 1090 275 necesitas
1111 217 1260 277 eetscoet

1815 223 1869 289 ssa

1327 330 1486 387 EPiSTOLh
1501 333 1543 388 Ci'
1556 335 1618 409 ’(ιι).

1078 417 1224 473 decretistas
1240 421 1273 473 od
1288 422 1406 475 unitatem
1421 424 1566 492 collaetans,
1590 428 1696 482 ostendit
1719 429 1784 502 lrpes
1797 434 1868 504 juste

1111 511 1299 577 necessarioque
1311 512 1337 564 in
1354 528 1395 567 eos
1414 512 1477 567 latas
1492 516 1568 584 [aisse
1581 517 1611 572 ob
1626 518 1815 589 imperatoribus
1828 541 1868 578 ca·

1111 600 1220 654 tltolicis.
1231 600 1356 672 baptismi
1365 604 1520 658 sanctitatem
1531 607 1646 662 esdiaini
1658 613 1767 666 rrrarreris
1774 616 1866 684 pratia,

1110 707 1161 745 nan
1185 709 1217 746 es
1240 694 1348 747 ministri
1369 695 1476 750 hominis
1504 699 1597 752 aseritis
1630 701 1738 770 pendere
1767 705 1866 774 probat.

1111 779 1211 838 Deinde
1217 786 1367 840 catholicam
1378 786 1516 843 Ecclesiam
1524 790 1549 843 in
1556 792 1633 846 sacris
1643 791 1782 866 scripturis
1792 813 1866 869 aqna

1110 874 1147 927 sci
1155 890 1164 926 :
1179 890 1210 927 ac
1223 875 1323 930 demant
1335 888 1445 948 renatos
1457 881 1483 934 in
1497 897 1526 935 ea
1540 883 1619 938 malas
1633 885 1736 941 tolerari
1743 900 1866 958 oportere.

1150 966 1315 1022 ducosrraus
1323 968 1627 1039 episcopuseatholicus,
1639 974 1794 1033 Donatistis.

1107 1054 1220 1110 CAPUT
1229 1056 1366 1112 Phiiiilii.
1375 1060 1442 1113 -l.
1454 1060 1574 1116 Charitas
1587 1064 1695 1132 Christi,
1710 1067 1865 1123 euiomnem

1074 1143 1218 1210 hominem,
1225 1154 1351 1216 astartium
1359 1148 1391 1202 ad
1398 1158 1515 1203 nostram
1526 1154 1639 1220 pertinet
1645 1155 1817 1225 saluritatem,
1826 1158 1866 1213 iu-

1073 1232 1141 1287 erari
1152 1233 1284 1301 voluimus,
1293 1243 1379 1290 tacere
1392 1237 1468 1291 uobis
1481 1253 1531 1293 non
1541 1242 1678 1309 permittit.
1690 1243 1716 1298 Si
1726 1258 1864 1316 propterea

1072 1335 1122 1379 not
1131 1321 1234 1390 odistis,
1248 1324 1308 1393 quia
1321 1340 1414 1396 pacem
1427 1327 1500 1381 robis
1511 1329 1667 1384 catholicam
1677 1334 1863 1403 predicamus,

1072 1413 1865 1499 uosbonrinoserrirnusdieenti,destinarint-inaceriamipsi

1071 1501 1120 1573 arti·
1140 1500 1189 1556 aa
1209 1506 1476 1578 amabnnrarlllattlr.
1491 1525 1518 1576 v,
1534 1510 1579 1581 e);
1595 1520 1622 1566 et
1634 1513 1659 1567 in
1674 1515 1778 1571 Psalmo
1797 1520 1864 1574 seri·

1072 1599 1144 1662 ptum
1159 1603 1200 1649 est
1214 1611 1221 1648 ι
1235 1594 1341 1651 Cauniis
1355 1598 1398 1666 qai
1412 1597 1518 1653 oderant
1531 1617 1628 1671 parent,
1643 1620 1711 1659 eram
1724 1609 1861 1677 pacificas,

1070 1700 1128 1738 cans
1144 1685 1262 1750 looeebnr
1270 1687 1315 1752 eis,
1328 1687 1483 1743 debellabant
1497 1707 1536 1745 rue
1547 1694 1625 1763 pratis
1638 1694 1722 1767 (Psoi.
1738 1714 1810 1766 cnr,
1823 1702 1861 1771 i).

1071 1773 1215 1846 Propterea
1228 1776 1420 1834 mandaverunt
1434 1780 1509 1836 nobis
1522 1783 1627 1853 quoidam
1639 1788 1786 1860 presbyteri
1802 1807 1863 1862 par-

1072 1867 1106 1921 tis
1127 1876 1234 1934 restrae,
1256 1868 1373 1924 dicentes
1388 1889 1394 1924 :
1409 1871 1536 1930 Recedite
1549 1891 1563 1928 a
1576 1877 1696 1946 plebibus
1718 1884 1825 1950 nostris,
1840 1887 1863 1939 si

1071 1969 1124 2010 non
1137 1957 1216 2011 ruitis
1231 1967 1261 2012 ut
1275 1958 1464 2016 interficiamus
1477 1977 1533 2018 vos.
1545 1965 1647 2033 Quanto
1657 1970 1752 2038 justins
1763 1974 1801 2028 eis
1814 1992 1864 2031 iras

1069 2042 1182 2099 dicimus
1198 2064 1204 2099 ε
1221 2045 1277 2102 huo
1298 2062 1345 2102 ros
1362 2064 1414 2103 non
1433 2051 1559 2121 recedite,
1578 2054 1626 2110 sed
1647 2059 1764 2116 accedite
1779 2066 1862 2132 pacati

1069 2133 1102 2189 ad
1116 2135 1207 2208 plebes
1222 2153 1274 2191 non
1289 2148 1404 2207 nostras,
1420 2141 1465 2196 sed
1481 2143 1549 2199 illius
1564 2145 1640 2216 cujus
1654 2162 1746 2206 omnes
1759 2168 1861 2221 sumere

1069 2235 1113 2282 aut
1126 2228 1148 2282 si
1163 2243 1216 2282 non
1236 2230 1315 2285 ceritis
1326 2239 1353 2285 et
1365 2231 1488 2301 impacati
1499 2235 1573 2302 estis,
1587 2252 1633 2293 vos
1645 2241 1732 2308 potius
1747 2247 1864 2302 recedita

1068 2318 1227 2390 aplebibus
1245 2338 1292 2392 pro
1304 2323 1399 2393 qrribus
1412 2323 1533 2381 Christus
1551 2342 1630 2383 suum
1652 2334 1804 2402 serigninem
1821 2337 1863 2392 lu·

1069 2410 1129 2466 dit:
1145 2427 1211 2483 quas
1228 2413 1289 2468 ideo
1308 2413 1386 2469 vultis
1407 2425 1508 2473 vestras
1531 2417 1620 2476 iacere
1639 2437 1672 2478 ne
1685 2423 1783 2480 Christi
1797 2429 1861 2495 sint,

1068 2503 1191 2572 quamvis
1197 2517 1243 2558 eas
1252 2504 1302 2558 sub
1313 2505 1370 2574 ejus
1382 2506 1489 2561 nomine
1501 2509 1637 2580 possidere
1649 2514 1779 2569 conemini
1790 2534 1796 2583 ;
1810 2527 1863 2572 tan

1068 2608 1147 2664 qaam
1168 2595 1190 2649 si
1210 2609 1302 2651 sersus
1316 2594 1419 2652 leretur
1433 2613 1497 2654 ores
1508 2600 1542 2655 de
1553 2615 1635 2672 grege
1647 2602 1747 2660 domini
1760 2608 1819 2676 sui,
1835 2619 1863 2666 ct

1068 2698 1240 2755 quecumque
1252 2701 1284 2740 er
1299 2687 1350 2743 illis
1363 2696 1423 2742 trata
1438 2688 1546 2760 luerint,
1560 2692 1740 2751 clturaeterem
1761 2698 1862 2755 dornini

1067 2776 1108 2832 sui
1134 2778 1173 2833 eis
1194 2779 1293 2849 inligat,
1310 2796 1343 2835 ne
1367 2780 1463 2837 lurtum
1489 2784 1546 2855 ejus
1566 2789 1649 2857 possit
1674 2793 1792 2860 agnosci.
1817 2794 1863 2850 Sic

1066 2866 1140 2922 enirn
1148 2866 1268 2924 lecerunt
1279 2870 1394 2941 majores
1406 2875 1504 2942 restria
1517 2891 1706 2948 seperaverunt
1717 2884 1750 2938 ab
1765 2884 1861 2942 Eccle-

1067 2956 1106 3014 sia
1120 2957 1217 3014 Christi
1237 2962 1348 3030 populos
1379 2961 1508 3019 habentes
1523 2966 1530 2996 ¹
1545 2967 1703 3037 baptismum
1715 2960 1822 3040 Christi,
1834 2986 1862 3031 es

1066 3048 1227 3120 quicumque
1241 3049 1294 3105 iliis
1307 3061 1489 3120 accreverunt,
1498 3055 1630 3125 baptismo
1640 3058 1737 3116 Christi
1752 3078 1798 3119 ens
1813 3067 1860 3121 ba·

1066 3139 1231 3209 ptizarerunt
1244 3142 1265 3194 ¹.
1280 3140 1334 3198 Sed
1349 3142 1476 3199 bantinus
1488 3155 1515 3200 et
1527 3145 1692 3219 lurespunit,
1714 3152 1736 3207 si
1757 3168 1809 3208 nnn
1831 3172 1861 3211 se

1065 3230 1242 3297 correxerint,
1255 3241 1281 3287 et
1294 3247 1358 3288 ores
1371 3233 1505 3290 aberrare
1519 3248 1624 3294 revocat
1637 3238 1670 3295 ad
1684 3256 1802 3314 gregem,
1811 3260 1861 3302 nec

1066 3321 1093 3376 iu
1103 3322 1143 3378 cis
1157 3337 1234 3376 sirum
1249 3324 1408 3379 exterminat
1419 3324 1610 3383 characterem.

1102 3411 1130 3466 Ξ.
1142 3412 1233 3468 dicitis
1246 3427 1295 3468 nos
1320 3414 1460 3472 traditores
1472 3432 1479 3482 ;
1503 3417 1573 3488 quod
1589 3434 1638 3476 nee
1650 3421 1764 3493 majores
1778 3410 1859 3482 vestrl

1065 3502 1092 3558 in
1106 3502 1220 3574 majores
1235 3513 1340 3561 nostros
1354 3513 1508 3577 potuerunt,
1523 3524 1572 3565 nec
1584 3525 1632 3567 ros
1644 3511 1670 3566 in
1684 3529 1733 3568 nos
1746 3517 1860 3585 probare

1065 3593 1120 3650 uilo
1140 3594 1221 3650 modo
1234 3596 1372 3673 poteritis.
1387 3597 1454 3666 Quid
1475 3599 1551 3655 robis
1564 3601 1645 3658 vultis
1661 3602 1798 3673 iaciamus,
1815 3611 1859 3679 qui

1064 3684 1171 3755 quotide
1182 3686 1258 3742 robis
1270 3685 1382 3743 dicimus
1393 3698 1421 3743 ιιι
1436 3704 1542 3748 causare
1558 3701 1675 3748 nostram
1694 3704 1722 3751 et
1743 3706 1858 3754 restrmn

1065 3776 1197 3847 patienter
1220 3777 1346 3846 audiatis,
1361 3792 1414 3834 non
1428 3781 1510 3836 nostis
1530 3781 1580 3838 nisi
1593 3784 1731 3856 superbire
1744 3796 1771 3842 ct
1784 3789 1859 3845 insa-

1064 3866 1141 3924 nirel
1152 3867 1218 3924 Nara
1232 3869 1322 3942 utiquc
1334 3871 1534 3929 ostenderemus
1547 3874 1634 3942 robis,
1646 3879 1706 3949 qtiia
1722 3880 1811 3950 potius
1821 3882 1858 3938 illi

999 3997 1013 4009 .
1064 3956 1205 4015 traditores
1217 3958 1334 4028 luerunt,
1345 3961 1390 4032 qui
1399 3962 1568 4019 Caecilianum
1581 3975 1608 4022 et
1621 3969 1772 4039 sociosejus
1782 3973 1858 4042 quasi

222 4050 272 4106 bus
293 4050 395 4118 calens,
421 4051 481 4122 quia
494 4051 546 4109 hoc
559 4052 618 4109 sine
640 4057 778 4109 tormentis
800 4055 1011 4126 corporalibusa

220 4142 358 4213 preposito
368 4151 460 4197 nostro
468 4139 672 4199 abhorrentibus
681 4142 791 4200 terassa
802 4160 854 4200 nen
869 4154 955 4216 petest
969 4147 1010 4203 in-

223 4232 316 4288 reniri.
339 4233 421 4290 Stoici
444 4242 532 4291 autern
555 4232 592 4290 tui
613 4248 707 4291 omnes
724 4236 861 4306 aqualiter
885 4250 1010 4296 nocentes

219 4336 280 4380 esse
293 4323 453 4392 concedunt,
468 4324 564 4394 qrribos
576 4322 662 4395 piacet
674 4323 762 4381 omnis
781 4327 855 4396 paria
868 4342 928 4385 esse
948 4344 1011 4399 pee-

218 4412 292 4478 catr;
309 4412 351 4483 qui
366 4409 445 4468 etiam
466 4412 589 4469 duritiam
600 4429 675 4470 suam
688 4430 738 4485 arra
751 4415 959 4473 misericordiam
970 4421 1010 4474 vi-

220 4489 354 4571 tuperant,
367 4499 430 4556 huie
444 4504 581 4558 sananda
600 4504 741 4570 sociantes,
761 4505 834 4561 nuile
847 4507 925 4563 rnodo
946 4523 1009 4564 een-

221 4597 281 4651 sent
291 4589 413 4647 omnihus
423 4589 522 4663 pariter
534 4594 733 4666 ignoscendum,
742 4597 789 4653 sed
804 4613 897 4655 omues
911 4601 1011 4670 pariter

220 4693 280 4736 esse
304 4681 462 4752 puniendos.
483 4683 601 4742 henrore
614 4700 679 4758 ergo
691 4685 752 4743 ilias
763 4702 842 4758 quam
858 4689 1010 4761 longissime

221 4777 296 4826 nectes
310 4786 324 4825 a
340 4770 486 4842 patrocinio
498 4788 585 4831 causae
597 4776 684 4845 istius,
699 4785 726 4833 et
738 4786 798 4849 apta
811 4780 900 4849 potius
912 4789 940 4836 ut
952 4789 1010 4837 tan·

216 4874 297 4929 anam
320 4860 457 4918 christiani
480 4878 598 4935 apertius,
615 4867 736 4933 etaient
759 4877 890 4940 optamus,
915 4885 965 4926 nos
982 4871 1008 4930 in

217 4951 1008 5032 (larissaeosquibusparcimus‚acquhamns,nepernieiasa

221 5038 272 5096 ilhs
285 5040 459 5099 dissolutione
478 5060 625 5116 parcamus.
642 5047 713 5104 Deus
728 5049 880 5107 misericors
890 5060 1007 5109 etseras

223 5131 381 5195 etlciieitate
393 5150 455 5192 rora
469 5135 568 5195 donare
581 5136 713 5209 dignetur.

1064 4046 1212 4104 traditionis
1232 4048 1345 4106 erimine
1358 4050 1559 4109 damnaverunt.
1576 4055 1608 4110 Et
1622 4056 1719 4125 dicitis,
1742 4061 1857 4118 recedite

1063 4153 1078 4194 a
1093 4139 1213 4211 plebibus
1232 4143 1346 4208 nostris;
1367 4158 1433 4214 quas
1445 4144 1545 4201 docetis
1564 4155 1592 4202 ut
1610 4148 1685 4204 robis
1697 4150 1815 4218 credant,
1830 4163 1859 4208 et

1063 4227 1168 4286 Christo
1191 4246 1244 4287 non
1266 4232 1385 4289 credant.
1413 4235 1465 4290 Vos
1487 4237 1557 4292 enim
1577 4238 1616 4294 eis
1629 4239 1726 4309 dicitis,
1751 4251 1858 4313 propter

1064 4320 1217 4390 traditores,
1231 4339 1298 4394 qrros
1312 4339 1365 4380 non
1377 4326 1527 4394 ostenditis,
1536 4329 1696 4386 remansisse
1711 4331 1856 4388 Ecclesiam

1062 4411 1161 4469 Christi
1172 4413 1199 4469 in
1214 4415 1271 4470 sola
1282 4412 1372 4470 dirica
1387 4416 1470 4487 partis
1485 4417 1578 4474 hortati
1593 4437 1599 4474 :
1615 4420 1686 4490 quad
1696 4436 1749 4477 non
1764 4421 1856 4479 dehe-

1062 4520 1105 4576 ιιι,
1121 4521 1174 4562 non
1187 4506 1221 4563 de
1234 4507 1376 4579 Propheta,
1387 4523 1441 4565 non
1455 4510 1489 4566 de
1500 4510 1615 4578 Psalmo,
1628 4528 1680 4568 non
1693 4512 1728 4570 de
1740 4515 1856 4585 Aposto-

1063 4596 1099 4663 to,
1110 4612 1163 4652 non
1177 4597 1211 4653 de
1224 4599 1378 4670 Evangelio,
1391 4599 1439 4657 sed
1451 4600 1484 4657 de
1496 4601 1577 4658 eorde
1600 4610 1700 4672 restro,
1711 4614 1737 4661 et
1751 4605 1786 4662 de
1806 4623 1856 4679 pa·

1062 4696 1166 4745 ceritum
1180 4697 1329 4746 nestrorum
1343 4692 1482 4748 ealumniis
1492 4694 1617 4750 recitatis.
1633 4694 1754 4753 Christus
1766 4711 1857 4757 autern

1062 4777 1128 4834 dicit
1137 4781 1272 4851 predicari
1279 4783 1305 4837 in
1313 4783 1414 4838 nomine
1422 4800 1468 4838 sao
1478 4786 1646 4857 poemterniom
1652 4797 1676 4843 et
1686 4790 1856 4847 remissionem

1063 4878 1231 4939 peremerant,
1252 4888 1298 4943 per
1311 4887 1399 4928 earnes
1414 4883 1499 4944 pentes
1516 4875 1689 4946 irrcipicntibas
1702 4878 1734 4934 ab
1749 4880 1856 4936 berasa-

1063 4960 1112 5014 lem
1122 4959 1196 5032 (bue.
1218 4976 1293 5030 xxrv,
1307 4960 1354 5036 47)
1366 4981 1373 5018 :
1386 4965 1428 5019 eui
1443 4963 1568 5020 Ecclesia
1581 4981 1613 5022 ex
1628 4981 1675 5025 ore
1686 4967 1784 5027 Christi
1795 4987 1854 5027 ma-

1094 5149 1174 5211 Ιιιι..
1062 5149 1593 5277 Μῖοριιιιηιιαιιιιιιιιιιιριιιιιιιιιι
1598 5160 1852 5228 ιιιιιιιιιι.,ροριιιιι

1062 5219 1236 5384 relttm’eoe
1245 5248 1457 5340 rebaptizaverant.
1468 5284 1522 5330 uss.
1544 5280 1652 5334 meiius:
1663 5296 1703 5335 eos
1721 5284 1852 5351 ιιιιριιιιιι·

1092 5410 1850 5491 ‘mamaeaanneagutcccttgmgrnrsmsea

1062 5483 1594 5540 re.q1atuorv.eteuu1amme.rrrav.

997 5592 1000 5601 .
1079 5559 1149 5673 Ae)
1103 5559 1204 5611 ostias
1223 5562 1286 5610 too:
1299 5575 1374 5676 qaia
1374 5572 1456 5616 autem
1476 5568 1520 5619 itia
1535 5576 1601 5631 crat,
1621 5584 1685 5625 nuuc
1697 5571 1750 5625 194
1763 5576 1852 5639 seium

1062 5633 1078 5671 ι
1119 5629 1158 5672 tm
1169 5625 1374 5676 hemmanwil
