3906 6390
152 361 196 420 nt.
211 358 375 417 Noemoreat
385 351 507 427 quodhic
517 364 569 407 nou
578 345 689 415 addidit,
700 345 800 402 nunu.
811 345 869 402 ilos
877 345 948 403 cuim

159 462 186 508 et
197 452 251 506 alio
262 451 330 511 loco,
339 463 400 503 euru
412 446 458 513 ait,
473 438 708 513 detumescente
721 437 802 494 sedin
813 437 841 512 ql
855 437 915 494 Cor.
928 453 948 506 t,

159 541 228 610 sot?
241 537 351 604 addidit,
366 535 449 606 lltrjus
461 531 570 598 mundi;
590 539 619 586 ut
636 528 748 596 diecret,
772 526 822 584 Ubi
843 527 951 598 sapiens

160 627 340 702 hujusmundi
355 644 362 683 a
376 637 404 682 et
425 634 513 680 nmen
536 621 588 678 boc
611 617 775 690 intelligitur.
798 617 842 674 Sie
854 628 882 673 et
901 618 951 674 ista

159 723 227 777 ratio
239 717 384 791 saptentiae.
400 714 471 770 Nihil
484 713 557 769 euim
568 710 603 767 ab
614 710 654 767 eis
664 708 759 765 dicitur
770 707 797 763 in
812 706 951 778 hujusmo-

159 816 186 868 di
200 807 390 882 superstitiosis
408 802 647 866 obscrrationibus,
662 799 712 855 ubi
727 815 779 855 non
793 797 884 854 mundi
900 797 951 853 hu·

159 905 201 976 jus
213 904 405 960 elomentorum
418 907 625 966 naturarumque
639 907 741 956 rerum,
751 888 819 946 ratio
830 888 951 960 quadam

159 993 297 1066 sapientiae
310 987 388 1047 reddi
402 987 533 1042 uideatur.
547 983 614 1040 llam
627 990 726 1038 etcum
740 976 952 1047 diducentem

161 1085 216 1156 quir
233 1099 276 1137 nor
297 1077 405 1149 deripiat
428 1092 473 1147 per
499 1072 700 1146 philosophiam
718 1085 772 1127 uon
796 1072 843 1138 ait,
867 1068 952 1140 liujtts

161 1173 252 1231 mundi
263 1180 306 1227 :et
316 1167 428 1242 quidest
439 1163 604 1238 philosophia
615 1162 707 1230 latine,
718 1161 768 1216 uisi
779 1160 893 1216 studium
905 1173 951 1216 sa·

162 1261 284 1336 pientiae?
298 1260 365 1317 Sunt
376 1271 450 1328 ergo,
469 1253 563 1326 inquit,
586 1252 635 1308 ista
653 1249 888 1322 rationemqut'dent
902 1248 951 1304 he·

163 1350 391 1424 tentianpientioe,
402 1349 488 1415 idest,
502 1345 537 1404 ds
549 1343 739 1418 quibusallqua
749 1344 817 1398 ratio
826 1342 953 1400 reddatur

163 1447 306 1503 secundum
321 1444 450 1500 elementa
460 1437 551 1494 mtrndi
561 1434 648 1508 hujus,
658 1444 685 1492 et
694 1434 855 1506 principatus
864 1447 895 1489 ac
905 1444 954 1505 po-

163 1548 281 1597 testates.
297 1536 331 1592 ln
349 1532 518 1590 oirerrutione
534 1537 558 1585 ct
568 1527 709 1583 hunahttate
722 1524 804 1581 cordis
818 1539 829 1579 .·
841 1523 867 1579 id
880 1522 952 1578 satim

163 1641 244 1705 agunt
256 1630 316 1695 ista,
329 1636 358 1683 ut
370 1622 565 1696 superstitionis
585 1619 650 1676 uitio
667 1632 715 1674 cor
734 1616 896 1672 humilietur.
912 1614 953 1670 Ad

163 1738 215 1776 non
223 1716 374 1792 pennum
384 1712 482 1786 corpori
496 1724 507 1766 .·
521 1710 585 1766 dum
597 1707 734 1765 trandanr
747 1705 805 1761 istis
815 1704 885 1761 oscis
895 1705 954 1774 qui·

164 1812 214 1868 bns
233 1807 400 1880 compellitur
417 1803 559 1860 abstinere.
584 1799 646 1856 Non
663 1800 691 1854 in
711 1797 806 1853 honore
823 1797 907 1868 utiquo
919 1794 953 1849 ud

163 1903 318 1960 rutnritutsrn
338 1898 422 1954 curnis
436 1911 446 1952 :
459 1909 512 1950 non
530 1891 602 1965 quod
622 1888 776 1946 honoratius
798 1886 846 1943 illo
870 1886 953 1957 magis

162 2009 242 2066 quatu
256 1989 369 2047 iltocibo
379 2001 441 2044 earo
453 1991 595 2049 saturetur,
610 1995 672 2036 cnm
681 1979 714 2035 ad
735 1978 793 2049 ejtts
808 1977 953 2033 necessita-

163 2097 217 2144 tem
230 2100 282 2142 uon
295 2083 426 2154 pertineat
434 2078 485 2135 nisi
492 2075 610 2148 quolibet
616 2067 759 2139 rmetudiui
768 2077 831 2141 apto
840 2067 953 2123 alimen-

164 2185 193 2233 to
203 2175 275 2232 retici
287 2181 368 2244 atque
379 2167 477 2226 fulciri.

198 2262 312 2322 curbi
323 2261 366 2317 ill.
377 2289 414 2302 -
422 2260 467 2316 at.
478 2256 516 2314 be
525 2253 671 2328 Evangelio
682 2250 817 2323 lnquisitio
828 2256 873 2306 tua
886 2248 954 2306 solet

164 2355 262 2412 multos
284 2365 402 2418 morere,
421 2345 555 2419 quomodo
565 2344 695 2401 Dominus
707 2347 767 2413 post
779 2339 954 2397 resurrectio-

164 2458 308 2513 aerucam
321 2442 348 2497 iu
358 2441 450 2496 eodem
461 2451 572 2507 corpure
583 2434 729 2492 surrexerit
740 2432 759 2500 ¹,
771 2446 786 2487 a
797 2429 954 2503 quibusdam

164 2535 211 2606 qui
233 2548 294 2591 euru
314 2538 453 2597 nouerant,
478 2528 615 2598 utriusque
637 2539 718 2581 sexus
740 2520 901 2588 bominibus,
927 2528 955 2576 et

164 2624 269 2697 agnitus
281 2621 388 2687 nonsit,
403 2627 430 2674 et
441 2618 546 2689 agnitus
554 2617 598 2673 sit.
613 2615 663 2673 Ubi
683 2614 795 2686 primum
808 2612 891 2683 quaeri
910 2624 955 2666 so-

165 2716 203 2771 lct
214 2724 303 2770 atrum
316 2712 343 2767 in
362 2712 420 2780 eius
433 2721 555 2780 corpore,
568 2722 601 2762 an
612 2706 698 2776 potins
711 2705 737 2759 iu
752 2704 857 2760 iliorum
870 2701 955 2756 oculis

168 2802 268 2874 aliquid
283 2802 378 2857 laetum
387 2799 422 2853 sit
432 2813 484 2868 quo
498 2812 549 2851 uon
565 2804 657 2867 posset
669 2793 786 2866 agnosci.
805 2791 954 2848 cumcuim

167 2893 274 2966 legitur,
293 2888 452 2946 Yntclruntnr
472 2884 538 2942 oculi
559 2899 645 2940 eorum
664 2899 696 2938 ne
717 2891 879 2954 agnoscerent
898 2897 955 2936 eunt

166 2983 243 3057 (ter.
257 2996 334 3049 utu,
345 2977 407 3052 l6);
420 2974 636 3049 impedimentum
651 2971 782 3043 quoddam
793 2969 954 3041 agnoscendi

166 3076 270 3132 ridetur
289 3074 315 3130 in
336 3069 479 3127 luminibus
499 3068 596 3123 iactum
616 3078 676 3120 esse
694 3061 857 3119 cernentium
870 3061 880 3114 ἰ
894 3075 954 3116 cuna

166 3182 230 3222 uero
242 3171 333 3237 aperte
347 3161 407 3216 alibi
422 3158 535 3223 dieitur,
555 3154 681 3227 Apparuit
696 3153 733 3208 eis
754 3153 780 3206 in
801 3150 853 3205 ulie
877 3149 955 3221 effigie

165 3256 267 3328 (liure.
280 3268 316 3320 ιι,
327 3249 389 3324 il),
405 3248 495 3320 utique
508 3247 533 3303 iu
548 3246 606 3316 ipso
617 3257 730 3313 corpore
742 3241 817 3311 eujus
828 3239 880 3294 alia
896 3247 955 3294 erat

165 3348 277 3419 cligies,
289 3343 387 3416 aliquid
402 3342 499 3397 iactum
510 3336 602 3402 inisse,
616 3348 669 3406 quo
677 3332 867 3404 impedimento
881 3340 955 3386 tene·

165 3448 267 3504 rentur,
276 3436 301 3491 id
314 3439 366 3501 est,
380 3445 482 3488 uroram
496 3425 657 3500 agnoscendi
671 3431 824 3495 paterentur
836 3420 905 3477 oculi
920 3420 954 3474 il·

166 3526 262 3581 lorutu.
275 3520 326 3578 Sed
340 3510 681 3591 egomiror,eumduosint
694 3510 720 3564 iu
734 3521 845 3577 corpore
857 3505 953 3576 quibus

165 3615 293 3684 cuiusque
302 3609 404 3681 speeies
419 3611 585 3677 agnoscatur,
599 3600 757 3656 lineamenta
767 3605 795 3651 et
808 3595 893 3663 color,
906 3608 955 3649 eur

166 3713 229 3760 ante
240 3698 469 3762 resurrectionem,
481 3692 552 3764 quod
564 3692 591 3746 in
604 3698 693 3744 moute
708 3687 742 3742 itu
756 3684 955 3755 transfiguratus

165 3803 248 3853 estut
260 3793 334 3849 heret
346 3786 471 3845 etrnltns
493 3782 551 3854 ejus
573 3777 801 3850 splendidissimus
823 3776 892 3831 sicut
912 3772 955 3829 sol

166 3884 279 3961 (lictth.
290 3896 356 3948 χιιι,
366 3877 414 3950 2),
426 3877 559 3932 neminem
573 3879 664 3926 moret
676 3883 737 3925 eum
751 3881 837 3936 nsque
848 3865 882 3921 ad
897 3876 955 3920 tan·

167 3992 221 4037 tam
235 3972 418 4033 excellentiam
431 3967 576 4038 tulganem
586 3963 652 4019 lueis
665 3960 784 4016 colorem
805 3958 845 4013 sui
860 3971 955 4027 corpo·

167 4071 204 4128 ris
224 4075 327 4124 maure
350 4059 483 4133 potuissc;
502 4065 530 4114 et
550 4063 610 4126 post
630 4049 850 4126 resurrectionem
867 4056 955 4103 moret

167 4162 331 4233 aliquatenus
344 4154 506 4210 lineamenta
525 4153 624 4205 mutata
643 4157 714 4210 esse,
737 4148 768 4196 ut
789 4155 841 4194 nou
864 4145 956 4208 posset

167 4249 284 4324 agnosci,
304 4255 331 4304 et
344 4257 449 4302 rursum
470 4237 562 4296 eadem
587 4232 712 4307 potentiae
729 4229 864 4297 laudate,
886 4228 955 4284 sieut

167 4353 230 4402 tunc
243 4339 382 4413 pristinum
403 4334 529 4396 colorem,
550 4328 589 4385 sic
603 4335 631 4383 et
649 4332 710 4396 post
732 4319 955 4380 resurrectionem

48 4463 57 4469 ·
167 4433 280 4506 pristina
298 4429 456 4484 lineamenta
476 4431 626 4479 revocasse.
646 4415 712 4471 llam
727 4422 754 4470 et
764 4411 801 4468 illi
813 4420 867 4468 tres
880 4409 955 4466 disci·

168 4523 234 4595 puli,
244 4528 306 4576 ante
318 4530 430 4590 quorum
443 4512 535 4570 oculos
548 4510 575 4567 in
587 4515 678 4564 monte
689 4503 890 4575 transfiguratus
902 4510 954 4572 est,

168 4627 221 4668 raon
234 4625 296 4668 euru
308 4611 491 4679 agnoscerent,
500 4601 523 4657 si
534 4599 568 4656 ad
581 4613 628 4655 eos
637 4596 697 4653 talis
705 4593 812 4650 aliunde
823 4592 952 4649 uenisset:

168 4701 216 4761 sed
237 4700 297 4772 quia
317 4712 376 4755 eam
391 4694 437 4751 illo
450 4700 535 4758 erant,
549 4690 635 4763 ipsum
648 4700 709 4744 esse
725 4683 873 4742 certissime
891 4682 955 4740 reti-

167 4795 276 4852 nebant.
288 4792 323 4847 ht
333 4789 404 4847 enim
417 4799 513 4856 corpus
527 4784 612 4854 ipsum
625 4786 692 4845 erat,
700 4779 726 4835 in
734 4791 786 4849 quo
794 4774 953 4833 resurrexit.

167 4884 235 4956 Quid
247 4882 299 4940 boe
311 4880 345 4937 ad
359 4877 432 4936 remi
445 4875 511 4934 Nam
525 4873 589 4930 illud
598 4870 783 4943 ntiqueipsum
791 4882 888 4939 corpus
896 4875 955 4924 erat

168 4978 195 5033 iu
209 4989 262 5048 quo
274 4974 300 5029 in
311 4981 402 5028 moute
414 4969 614 5039 transfiguratus
626 4971 683 5029 est;
698 4969 726 5016 et
740 4960 826 5031 ipsum
838 4964 896 5014 erat
905 4956 951 5027 jn-

168 5068 246 5124 reuis
258 5066 284 5121 in
298 5078 350 5136 quo
362 5072 439 5118 natus
452 5071 494 5115 est
508 5076 514 5110 :
529 5064 652 5111 ettamen
665 5054 687 5109 si
701 5052 833 5122 quiscum
846 5056 955 5119 repente

166 5158 292 5229 iuuenem
305 5154 423 5216 vidisset,
436 5149 481 5221 qui
494 5146 600 5203 nonnisi
612 5143 767 5199 infantulum
782 5147 882 5207 nosset,
901 5154 954 5192 ιιοιι

168 5251 259 5319 utiquc
280 5253 445 5318 agnosceret.
465 5242 581 5296 duareno
599 5236 632 5291 ad
651 5236 809 5290 lineamenta
830 5231 954 5286 munands

167 5356 223 5394 non
237 5346 323 5409 potest
333 5335 457 5392 celeriter
471 5330 516 5386 bei
527 5333 654 5400 potestas,
667 5323 737 5396 quod
752 5329 839 5393 potest
851 5335 954 5392 peran-

170 5440 264 5483 nuruur
278 5441 365 5481 moras
376 5421 491 5480 bominis
505 5417 587 5475 aetasi
611 5470 614 5479 ,

206 5517 250 5572 52.
266 5514 342 5584 Quod
351 5523 438 5571 antem
451 5511 539 5583 llariae
552 5508 628 5574 dixit,
643 5503 707 5560 Noli
719 5519 757 5558 me
769 5512 879 5575 touque,
891 5518 954 5558 raon·

202 5625 213 5663 ¹
227 5626 340 5690 objurta
349 5638 435 5677 nunes
446 5623 531 5674 editos.
539 5628 566 5672 ιιι
577 5629 612 5681 ts,
623 5629 738 5677 sterteret
771 5630 798 5672 tt.

749 232 780 291 Β.
801 232 982 293 nbctstttt
1000 234 1153 297 st‘tsoort
1761 246 1805 308 111

1002 350 1284 410 dumenimcseendiud
1295 354 1397 412 Putrent
1408 357 1498 431 (loun.
1511 372 1569 426 xx,
1583 355 1651 433 17),
1665 358 1737 417 atmt
1746 363 1805 421 εΗ

1003 453 1047 494 me
1058 440 1219 499 intellexisse
1231 445 1346 511 noueris,
1363 461 1441 518 quam
1451 456 1491 503 tu.
1509 447 1552 506 lta
1565 446 1649 506 onim
1664 449 1806 521 signibus

1002 531 1086 587 uoluit
1096 543 1192 590 tactum
1204 537 1379 607 spiritualem,
1393 539 1419 595 id
1433 550 1485 607 est,
1495 554 1649 597 aoesssnna
1660 526 1819 600 messui

1003 623 1119 692 quirere,
1134 641 1185 695 qua
1197 626 1383 684 creditureuna
1396 631 1533 689 excelsum
1555 630 1627 689 esse
1644 646 1713 690 curu
1726 632 1807 692 Patru-

1003 711 1037 770 Et
1048 714 1118 783 qaod
1130 716 1164 770 ab
1176 715 1228 773 iltis
1238 717 1342 775 drrnbus
1357 719 1528 778 infractione
1544 721 1635 792 pann
1652 733 1701 780 est
1712 725 1807 797 apia·

1006 801 1079 874 (Luc.
1094 820 1167 871 nur,
1179 807 1224 874 50,
1241 808 1297 879 st),
1311 808 1512 867 Sacramentum
1526 826 1596 868 esse
1608 811 1691 884 quod
1703 813 1713 848 ¹
1725 815 1806 874 nos'n

1003 896 1164 965 agnitionem
1179 911 1253 952 suam
1267 909 1419 972 congregat,
1434 900 1524 957 nullus
1538 896 1632 959 debes
1644 902 1792 976 moigne

1038 985 1083 1040 53.
1094 985 1132 1040 lic
1145 986 1234 1043 serbis
1244 987 1385 1058 Simeonis,
1396 988 1440 1046 ubi
1450 989 1487 1045 ait
1497 989 1609 1062 Virgini
1623 991 1712 1049 ιιιιιιί
1726 992 1807 1049 buni-

1003 1072 1042 1136 tti,
1057 1072 1092 1129 m
1103 1083 1172 1129 tunm
1188 1077 1269 1148 ipsius
1282 1079 1393 1133 animem
1411 1079 1578 1151 pereuntis
1589 1081 1714 1153 fruma,
1726 1082 1807 1140 inin

1004 1163 1115 1234 epistola
1134 1166 1210 1235 cuius
1227 1168 1379 1238 exemplum
1391 1170 1469 1225 esiam
1482 1169 1568 1227 modo
1580 1170 1665 1241 rnisl,
1680 1172 1740 1229 diri
1752 1175 1807 1246 qnid

1004 1253 1070 1310 mihi
1082 1253 1218 1322 ridentum
1231 1257 1302 1328 quod
1314 1257 1393 1314 etiam
1402 1259 1530 1316 tibi¹lnter
1538 1268 1649 1318 caetera
1658 1261 1752 1321 ιίωιιι
1761 1273 1806 1320 est

1004 1342 1039 1400 Et
1055 1344 1127 1415 quod
1142 1345 1271 1417 adjunxit,
1296 1346 1331 1404 tle
1351 1348 1508 1404 denudentur
1526 1351 1681 1407 ιιιιιιιοιιιιιι
1699 1352 1808 1408 armas

1003 1437 1166 1508 cogitationes
1180 1435 1190 1509 (
1204 1438 1248 1493 ld.
1269 1454 1298 1506 ιι,
1307 1440 1364 1511 55),
1376 1439 1426 1497 boc
1434 1439 1650 1514 intelligendum
1660 1451 1743 1515 pnto,
1754 1445 1808 1516 quia

1003 1540 1053 1599 per
1066 1528 1170 1585 bomini
1192 1530 1351 1601 passionem,
1371 1541 1399 1588 et
1410 1531 1512 1589 insidia
1525 1533 1709 1603 tndaomm,
1729 1543 1758 1592 et
1774 1535 1809 1592 di-

1004 1616 1164 1689 scipulornm
1188 1619 1327 1677 iuilrmitas
1353 1622 1446 1692 patuit.
1467 1621 1698 1681 'l'ribulationern
1724 1625 1808 1696 im'ttrr,

1003 1707 1084 1779 gladii
1104 1709 1212 1765 nornine
1231 1710 1402 1782 s‘rgnitteauam
1420 1725 1490 1778 esse,
1509 1711 1649 1770 credibile
1674 1723 1738 1782 est,
1762 1729 1811 1784 qus

1004 1806 1123 1855 materna
1135 1800 1223 1855 anima
1241 1802 1378 1858 uulnerata
1388 1811 1428 1858 est
1439 1800 1538 1858 doloris
1550 1802 1671 1860 affectu.
1688 1805 1754 1876 lpse
1766 1803 1811 1860 init

1004 1890 1106 1961 gladius
1117 1891 1143 1945 lu
1156 1905 1203 1947 ore
1215 1899 1422 1962 persecutorum,
1434 1891 1467 1948 de
1480 1892 1579 1962 quibus
1595 1893 1625 1949 iu
1639 1893 1758 1951 Psalmo
1772 1893 1810 1949 di·

1004 1980 1074 2035 citur
1088 1997 1096 2035 :
1111 1978 1145 2034 br
1159 1981 1259 2052 giudice
1279 1983 1306 2036 in
1326 1981 1488 2055 orreorum(
1501 1979 1577 2037 Prot.
1595 1999 1679 2050 auur,
1695 1984 1747 2055 8).
1763 1983 1810 2054 lgsi

1005 2073 1076 2130 cuim
1085 2083 1162 2130 eraut
1174 2073 1219 2129 ntit
1234 2075 1380 2141 bominum,
1395 2089 1507 2146 quorum
1519 2059 1620 2131 dentes
1634 2089 1719 2132 arma
1729 2085 1757 2132 et
1769 2091 1810 2131 sa·

1004 2164 1087 2234 gitta,
1103 2172 1129 2219 et
1139 2163 1227 2234 lingua
1243 2179 1335 2220 eorum
1347 2163 1449 2235 gladius
1461 2173 1556 2219 acutus
1569 2163 1673 2235 (Petri.
1692 2181 1752 2231 nst,
1764 2163 1808 2237 5).

1003 2253 1071 2311 llam
1084 2264 1112 2310 et
1122 2253 1223 2311 terram
1235 2255 1305 2326 quod
1319 2256 1469 2326 pertransiit
1486 2256 1606 2312 animam
1626 2257 1748 2330 loseph,
1764 2272 1809 2328 pra

1005 2344 1072 2400 dura
1080 2345 1247 2403 tribulatione
1260 2347 1373 2416 positum
1382 2346 1446 2403 mibi
1457 2346 1581 2402 ridetur:
1597 2359 1703 2419 aperte
1712 2352 1808 2422 quippe

1005 2434 1111 2504 dicitur,
1125 2435 1232 2491 Ferrum
1248 2437 1391 2510 pertransiit
1407 2437 1517 2491 animum
1530 2437 1598 2510 einr,
1615 2438 1705 2494 donee
1716 2440 1807 2494 οιιιὶηι

1006 2527 1106 2582 nerbnan
1124 2527 1178 2598 ejus
1186 2544 1196 2592 ,·
1210 2526 1236 2582 td
1255 2537 1305 2595 est,
1319 2526 1417 2583 tamdiu
1432 2525 1480 2582 luit
1496 2527 1521 2582 iu
1533 2526 1604 2583 dura
1616 2529 1803 2596 tribulatione,

1005 2615 1091 2672 donec
1103 2615 1257 2687 fieretquod
1268 2617 1397 2688 prudixit.
1413 2617 1480 2673 ilinc
1491 2617 1562 2674 enim
1572 2633 1695 2690 magnus
1704 2630 1750 2676 est
1761 2620 1805 2675 ba·

1006 2707 1087 2776 bitus,
1100 2716 1128 2764 et
1142 2709 1175 2765 ab
1185 2709 1228 2765 illa
1243 2709 1411 2766 tribulatione
1426 2710 1563 2765 liberatus.
1577 2708 1635 2767 Sed
1650 2727 1687 2767 ue
1710 2712 1803 2767 buma-

1006 2813 1048 2854 nce
1058 2799 1193 2869 sapientiae
1209 2799 1380 2867 tribueretur,
1392 2799 1463 2869 quod
1479 2799 1551 2854 reuit
1564 2798 1680 2855 terbum
1692 2798 1764 2870 eiras,
1778 2799 1802 2855 id

1006 2895 1057 2956 cst,
1068 2888 1164 2944 lactum
1173 2898 1213 2945 est
1222 2888 1291 2960 qnod
1300 2888 1429 2959 praedirit,
1442 2904 1515 2944 more
1526 2902 1576 2943 suo
1585 2887 1731 2959 Scriptura
1743 2905 1801 2944 san·

1005 2989 1047 3036 eta
1058 2980 1113 3036 beo
1125 2980 1241 3037 indedat
1251 2980 1372 3052 gloriam,
1385 2979 1547 3037 etcontiuno
1558 2980 1700 3052 subiungit
1717 2999 1724 3036 :
1739 2980 1800 3036 lilo-

1005 3074 1093 3145 quium
1103 3071 1299 3146 Douriniipniuit
1310 3089 1366 3128 ιιιιιι
1376 3070 1462 3148 (Psoi.
1474 3087 1527 3138 ιιι,
1537 3071 1583 3137 ts,
1595 3071 1655 3144 ts).

1042 3165 1085 3220 dl.
1100 3163 1135 3222 tu
1144 3166 1217 3236 potui
1230 3180 1284 3221 non
1302 3165 1373 3222 delui
1386 3163 1638 3235 interrogationibus
1652 3165 1706 3220 tnis
1723 3164 1797 3235 adju-

1006 3262 1049 3312 tus
1059 3256 1222 3312 orationibus
1235 3256 1296 3324 tuis,
1310 3265 1337 3311 et
1356 3256 1421 3327 ipsis
1438 3269 1504 3327 quas
1515 3253 1621 3321 misisti,
1637 3253 1797 3327 disputatio·

1006 3345 1083 3401 uibus
1091 3345 1152 3401 tuis.
1161 3344 1228 3402 Cum
1238 3346 1309 3401 enim
1321 3344 1507 3416 interrogando
1519 3343 1650 3415 disputas,
1662 3352 1691 3400 ct
1700 3345 1796 3417 pruris

1006 3434 1137 3492 scriteret
1148 3435 1229 3492 doces
1247 3435 1390 3493 humiliter.
1406 3435 1476 3494 Utile
1497 3443 1539 3492 est
1558 3442 1690 3492 autemut
1703 3435 1794 3493 deoln

1005 3523 1332 3582 scuritatibusdiuinarum
1353 3525 1557 3596 scripturarum,
1578 3539 1646 3596 quas
1664 3527 1794 3583 exercita-

1006 3617 1086 3673 tionis
1099 3624 1197 3674 nostrre
1211 3632 1291 3676 cerusa
1299 3618 1370 3674 beas
1381 3633 1442 3675 esse
1451 3619 1542 3687 coluit,
1551 3618 1643 3675 multa
1654 3619 1793 3677 invenian-

1007 3719 1050 3765 tur
1068 3711 1217 3777 sentcntiu,
1240 3724 1301 3767 cnm
1327 3710 1397 3766 aliud
1417 3710 1463 3766 alii
1486 3710 1599 3778 uidetur,
1622 3727 1683 3782 quae
1707 3720 1793 3769 ιιιιιιιι

1006 3814 1099 3856 omnes
1110 3815 1183 3857 sartae
1193 3799 1253 3856 lldei
1265 3799 1621 3872 doctrtnuqueeoncordem.
1636 3801 1719 3857 babis
1731 3816 1794 3857 sanc

1005 3892 1110 3947 reniam
1131 3892 1192 3947 stilo
1204 3906 1265 3947 meo
1282 3893 1392 3946 multum
1414 3890 1557 3958 festinanti,
1573 3898 1602 3945 ut
1611 3891 1667 3961 jam
1685 3891 1713 3946 ln
1734 3892 1793 3946 nari

1005 3982 1148 4036 coristitutn
1156 3995 1322 4037 occurrerem
1329 3980 1461 4051 perlatori.
1472 3978 1565 4034 Filium
1575 3988 1664 4035 autem
1674 3987 1793 4035 nostrum

1006 4069 1155 4135 Paulinum,
1177 4070 1203 4124 iu
1224 4070 1322 4125 Christi
1344 4069 1472 4125 charitate
1493 4068 1687 4135 dulcissimum,
1702 4069 1729 4124 in
1744 4068 1792 4124 hae

1007 4159 1093 4229 potius
1102 4158 1213 4229 epistola
1225 4159 1342 4214 resaluto
1354 4160 1376 4226 ¹,
1386 4166 1414 4215 et
1428 4158 1516 4228 paucis
1525 4168 1555 4213 ut
1568 4155 1682 4213 festinus
1694 4158 1792 4213 exhor·

1007 4256 1059 4315 tor,
1073 4256 1103 4303 ut
1115 4246 1301 4304 misericordias
1319 4248 1421 4303 botnini
1435 4249 1479 4320 qui
1492 4248 1578 4303 sciens
1592 4248 1657 4304 dare
1669 4249 1793 4305 auxilium

1005 4340 1039 4396 de
1053 4341 1231 4406 tribulatione,
1247 4355 1307 4396 euru
1319 4340 1540 4396 tttrbulcntissima
1554 4348 1712 4410 tempestate
1725 4340 1794 4395 misit

1007 4431 1033 4487 in
1044 4440 1157 4502 portatu,
1172 4445 1225 4501 quo
1238 4438 1267 4485 tu
1276 4430 1368 4501 pelago
1380 4429 1560 4501 tranquilliore
1574 4429 1729 4499 permeasti,
1744 4429 1793 4500 ipsi

1006 4521 1115 4577 marium
1133 4519 1315 4590 tranquillitati
1330 4518 1439 4575 minime
1449 4519 1570 4584 eredens,
1583 4528 1611 4575 ct
1622 4519 1667 4589 qui
1677 4519 1736 4590 ejus
1749 4535 1794 4574 ru·

1006 4610 1130 4667 dimentis
1142 4608 1304 4682 excipiendis
1315 4620 1394 4681 atque
1406 4610 1552 4666 nutriendis
1561 4619 1587 4666 te
1599 4609 1683 4678 dedit,
1697 4610 1795 4681 gratias

1006 4718 1068 4774 agas
1081 4710 1193 4774 quantas
1210 4708 1307 4771 potest,
1322 4710 1348 4756 ct
1364 4700 1451 4755 omnia
1465 4700 1522 4770 ejus
1534 4714 1594 4755 ossa
1611 4698 1702 4754 dicant
1716 4717 1724 4754 ε
1740 4699 1794 4754 llo·

1006 4794 1083 4859 utine,
1096 4792 1151 4863 quis
1163 4790 1253 4846 sirnitt‘s
1264 4789 1308 4844 tibi
1322 4789 1332 4860 (
1345 4788 1418 4844 Peri.
1432 4805 1528 4853 xxxiv,
1550 4788 1584 4845 tu
1597 4787 1626 4856 ii
1643 4778 1702 4843 Non
1722 4789 1794 4844 enirn

1006 4884 1128 4940 uberiore
1140 4883 1225 4938 iructu
1238 4880 1302 4951 legit
1311 4881 1353 4936 uel
1365 4878 1438 4934 audit
1452 4895 1495 4934 me
1510 4878 1649 4934 dueentem
1662 4892 1695 4934 ac
1708 4877 1796 4933 disse·

1005 4982 1120 5040 rentem
1132 4971 1174 5027 rel
1185 4970 1344 5042 quibuslibet
1355 4969 1581 5025 exltnrtatiouibns
1594 4966 1794 5034 accendentem,

1006 5078 1084 5134 quatu
1094 5063 1199 5132 inspicit
1213 5068 1239 5115 te
1249 5060 1390 5115 uirentem.
1400 5059 1553 5114 hesatunnt
1566 5065 1683 5113 sanctam
1699 5066 1727 5113 et
1742 5057 1795 5112 siu·

1006 5151 1574 5224 ecrissimarnbenignitatemtuarncouscrvi
1583 5150 1684 5220 meiqni
1690 5164 1795 5205 mecum

1006 5254 1078 5300 suut.
1093 5244 1278 5302 Cotidiaeouus
1287 5249 1374 5297 autem
1385 5250 1475 5296 noster
1487 5239 1655 5310 Peregrinus,
1666 5253 1701 5294 ex
1714 5255 1795 5309 quoa

1006 5351 1050 5392 nic
1068 5337 1200 5406 proiectus
1222 5341 1264 5390 cst
1283 5347 1343 5388 cum
1360 5341 1451 5386 saneto
1465 5330 1545 5385 iratrc
1564 5338 1656 5385 nostro
1674 5328 1795 5401 Urbano,

1036 5490 1045 5522 ¹
1060 5488 1113 5537 uad.
1126 5495 1174 5536 sm.
1187 5494 1214 5537 ct
1224 5492 1327 5558 rr.,quo
1336 5499 1387 5546 nos,
1398 5487 1487 5551 quibus
1497 5485 1658 5552 suffragantur
1669 5492 1724 5538 ttss
1737 5498 1788 5552 qua

1005 5559 1059 5603 tuor
1069 5552 1141 5599 tatic.
1154 5556 1180 5598 ct
1190 5563 1205 5597 e
1217 5556 1306 5598 u‘rstrts
1315 5549 1425 5598 totidem.

1036 5611 1045 5639 ³
1057 5609 1114 5661 llus.
1121 5611 1219 5673 aliquot,
1231 5621 1378 5679 recognosco.
