3906 6390
154 367 226 425 *thoi

159 496 261 549 meare,
276 496 310 537 ue
322 479 408 536 noctis
426 456 574 532 obscuritas
588 475 651 530 mali
662 473 761 544 aliquid
774 482 941 545 procuraret.

159 552 255 608 coatia
286 550 451 605 Evituietatis
471 557 522 601 tua
549 545 719 600 fidelissimus
743 559 854 608 servus,
876 557 945 625 equo

157 633 261 686 rectus,
275 621 357 690 ipsius
369 617 451 674 attaris
462 617 526 672 dunt
536 625 609 681 natat
623 615 650 668 itt
670 613 796 677 brachio,
811 612 944 668 interdicit

159 693 256 749 littoris
270 690 353 760 tetigit
366 702 438 753 otas,
452 702 501 742 nee
513 686 601 741 statim
611 683 686 740 licuit
696 684 792 739 reverti
806 683 943 752 prolecto:

157 761 240 817 maris
251 760 322 816 euim
332 769 421 812 tuutor
432 757 583 811 increscens
593 767 733 809 reversuro
747 754 885 806 transitum
897 751 945 807 de·

158 830 274 902 negavit.
291 829 346 884 lloe
361 828 421 883 illos
436 833 496 880 tuos
515 823 731 894 vigilantissimos
752 837 846 878 sensus
861 822 945 876 latere

159 915 212 956 ιιιιιι
237 899 322 970 potnit
337 915 344 952 a
360 898 426 953 iram
447 896 515 950 ratio
540 893 710 964 provocavit,
723 893 800 961 culpa
819 892 945 961 juvenem

140 1027 143 1031 .
158 970 242 1025 suasit
253 969 287 1023 ad
301 967 405 1039 lttgam;
418 965 464 1021 sed
486 964 547 1019 ielis
562 963 620 1030 iuga
633 970 675 1018 est
692 977 751 1031 qun·
763 963 847 1017 currit
861 960 894 1014 ad
907 961 947 1014 vi·

159 1048 223 1094 tarn.
236 1037 397 1093 lietuomtus
409 1033 502 1091 Gudila
520 1033 553 1086 ad
567 1041 706 1102 patronunt
730 1041 802 1085 tuum
824 1041 944 1085 sanetum

156 1108 321 1180 Stepltauum
335 1106 449 1177 primum
469 1110 612 1173 martyrem
625 1099 754 1170 conlegit.
770 1100 828 1171 lpse
840 1100 905 1155 mihi
919 1109 947 1155 et

158 1177 307 1250 imperavit,
320 1186 349 1232 ut
360 1190 407 1246 pru
420 1172 514 1230 eodem
524 1172 592 1241 apud
604 1170 760 1241 religionem
774 1181 844 1226 tuam
854 1178 946 1241 posto·

158 1248 227 1304 latur
239 1246 374 1302 accedam.
392 1245 493 1300 liabent
510 1243 598 1313 igitur,
619 1256 727 1310 quaeso,
742 1241 862 1303 veniom3
879 1255 945 1309 quo·

156 1318 230 1374 triam
256 1331 306 1372 uec
329 1315 449 1377 turbatus
462 1311 538 1367 undis
553 1325 637 1380 equus
651 1311 766 1376 corruit,
782 1325 831 1365 nec
849 1323 945 1380 gurges

158 1389 229 1443 altos
247 1385 398 1450 absorbuit,
423 1397 500 1453 quem
515 1381 584 1436 Deos
599 1379 667 1435 eruit
688 1387 716 1434 et
736 1394 803 1450 aqua
818 1378 944 1435 servavit.

158 1454 252 1512 llaleat
264 1452 604 1524 apudteepistularlsista,
618 1464 698 1521 rogo.
717 1449 849 1520 suggestio
866 1464 873 1501 ε
894 1448 947 1504 eris

158 1527 279 1592 enimus
292 1523 431 1594 deprecor,
445 1519 480 1575 ab
494 1522 531 1574 ira
546 1519 648 1575 Domini
662 1519 773 1586 ebenus,
788 1518 892 1590 quoties
906 1532 949 1587 pe·

158 1596 222 1652 titur
234 1611 249 1649 a
265 1605 290 1650 te
304 1595 420 1649 odeusus
432 1605 484 1646 nou
499 1589 756 1659 ineritAugustiuos.

332 1660 336 1667 '
409 1659 573 1717 bersabea
594 1658 629 1714 tx
642 1658 692 1729 (a).

158 1733 271 1791 Domino
289 1732 443 1792 beatissimo
460 1740 488 1787 et
506 1729 648 1785 venerabili
669 1737 759 1783 sancto
772 1727 840 1798 patri
859 1728 946 1784 hecu-

353 1817 429 1859 artae
438 1802 573 1871 episcopo,
587 1799 752 1854 Boutrtctua.

193 1874 297 1932 Furens
309 1887 399 1956 parco,
413 1872 457 1940 qui
469 1871 562 1926 obvius
572 1869 641 1924 bello
651 1867 804 1924 sanctitatis
814 1874 865 1921 tuae
875 1864 946 1920 iran-

151 1942 206 2016 'gor
225 1946 345 2014 imperto,
357 1941 477 1999 Gudilam
494 1939 666 1995 fortissimum
684 1951 874 2018 semperqucm
888 1936 948 1991 volo

157 2015 248 2069 vivero
259 2014 361 2080 uirum,
373 2016 462 2067 meum
474 2024 508 2065 ue
519 2022 579 2064 eum
588 2006 731 2077 aliquando
742 2007 948 2075 tuvetttutissuas

158 2082 255 2140 levitas
269 2082 348 2138 iaciat
367 2079 485 2136 interire.
506 2079 596 2132 Potest
609 2075 716 2146 quidem
729 2076 885 2145 procinetus
903 2090 947 2128 ar-

157 2155 226 2218 tois,
237 2158 352 2222 quantos
361 2150 483 2207 inimicos
497 2147 640 2217 repererit,
656 2146 797 2200 trucidare.
812 2144 864 2201 Sed
878 2161 893 2199 a
914 2145 947 2199 uti

157 2221 300 2293 belligeros
322 2222 394 2277 viros
418 2219 504 2275 victus
526 2217 621 2272 dieitur
642 2215 726 2270 victor
746 2215 859 2270 occisus.
905 2230 947 2268 ant

156 2306 227 2364 equo
243 2298 334 2348 vectus
348 2289 429 2345 maris
446 2287 584 2347 brachium
600 2284 671 2356 quud
685 2284 800 2339 natnudo
819 2285 946 2353 perrexit,

148 2362 271 2418 ‘latoria
284 2376 336 2417 nou
350 2359 445 2421 iuerat,
460 2357 508 2414 sed
521 2356 635 2411 virtutis.
656 2354 777 2409 Arbitror
791 2355 861 2409 enim
876 2354 947 2424 qnod

158 2440 282 2498 nocteco
301 2431 370 2486 itarit
384 2427 482 2499 aliquid
497 2425 619 2482 hostibus
635 2423 738 2489 lacere,
756 2424 809 2491 eui,
830 2423 887 2479 sole
906 2423 948 2478 in·

221 2515 262 2568 so,
280 2447 340 2558 inis
358 2498 411 2555 dici
428 2497 538 2552 consilia
552 2505 643 2567 parata
661 2492 796 2548 subduxit.
817 2493 872 2548 line
884 2507 948 2547 vero

177 2571 242 2639 elui,
261 2569 331 2640 quod
350 2568 483 2625 natatione
501 2564 654 2636 longissima
672 2564 706 2619 ab
724 2577 793 2644 equo
814 2572 904 2632 posset
920 2571 948 2618 et

158 2641 234 2710 aquis
251 2639 346 2696 occidi.
360 2638 394 2695 tlt
403 2636 481 2706 jubes
492 2651 573 2706 ergo,
588 2633 673 2689 saneti
686 2633 808 2714 beatique
821 2632 947 2714 Stephani

158 2708 286 2781 imperata
305 2711 378 2779 jussa
396 2716 483 2762 vestra
502 2710 597 2761 rot'ero.
611 2702 736 2772 Spottdco
751 2717 821 2757 etttttt
844 2716 893 2771 tpst
912 2711 947 2755 tt-

157 2778 247 2850 hique,
259 2779 329 2850 quod
339 2775 518 2836 Gudilavuhis
534 2784 575 2830 cst
585 2772 740 2844 lubentibus
752 2772 835 2827 vertite
846 2770 948 2827 condo-

159 2859 247 2905 viatus.

155 2973 158 2979 ,
419 2912 583 2973 aristosa
602 2912 686 3040 ligi).
841 2981 848 2993 ⁶

159 2987 272 3045 Domino
293 2987 435 3054 venerabili
450 2994 542 3111 sggtcto
556 2985 623 3056 patri
662 2994 789 3040 ucosrnto
806 2995 946 3053 eptscopo,

492 3069 637 3112 estractus.

155 3139 158 3143 ’
193 3128 317 3186 castinus
330 3128 385 3194 ille,
397 3128 513 3197 privatus
525 3122 686 3188 exconsule,
702 3123 763 3179 vitae
775 3138 842 3178 mea
854 3125 887 3204 a'c
899 3137 949 3177 uo-

156 3200 248 3265 minis,
270 3198 392 3253 omuibus
417 3206 446 3252 ot
470 3204 561 3250 nutum
586 3202 638 3259 est,
652 3201 817 3273 persecutor,
842 3205 948 3262 pejores

156 3269 327 3324 committens
340 3281 372 3322 ac
384 3266 486 3336 llugens
497 3265 639 3327 lectiones,
655 3277 730 3331 quast
744 3276 890 3318 mearuma
905 3275 948 3316 me

157 3345 290 3408 gestarum
304 3336 442 3390 immemor
456 3334 627 3389 donationum
638 3332 658 3396 ¹,
673 3331 745 3386 ltalia
755 3329 868 3400 lugiens,
881 3331 948 3385 meis

158 3420 189 3463 so
209 3406 235 3460 lu
258 3404 347 3460 Africa
368 3403 567 3461 defensionibus
589 3398 697 3455 tradidit
718 3398 945 3455 committendum.

158 3476 268 3543 Druiito,
279 3474 431 3531 beatissime
441 3482 525 3544 pater,
536 3472 599 3526 olim
609 3469 673 3524 mibi
683 3468 716 3523 ab
727 3468 822 3524 eodem
833 3471 948 3538 ingestas

158 3547 295 3612 miserias,
311 3555 417 3599 ostensa
433 3542 564 3613 pericula;
579 3540 682 3609 lugiens
700 3553 760 3620 eunt
781 3552 948 3619 nuncusque

158 3616 229 3671 vivo.
243 3615 330 3670 Thrax
345 3622 432 3677 uatus,
445 3614 487 3666 vix
505 3612 538 3668 Se
558 3610 630 3665 ibam
649 3623 735 3672 evast;
750 3608 842 3663 duravi
858 3608 947 3663 tuvtdo

156 3687 208 3741 sub
216 3685 325 3743 euusule
337 3685 422 3739 utiles.
434 3681 486 3739 Sed
496 3681 584 3736 divtna
595 3677 723 3750 putentia,
735 3694 794 3747 quae
805 3677 948 3758 novitpla-

157 3771 223 3813 nare
235 3754 377 3820 subliutia,
393 3762 421 3808 et
441 3752 520 3807 attius
537 3750 643 3806 elevare
665 3757 815 3818 prostrata,
836 3746 900 3803 lectt
911 3748 947 3804 de

156 3825 272 3896 tvtpverbo
291 3823 362 3895 qood
382 3822 481 3887 voluit;
501 3828 530 3876 et
544 3822 647 3875 hostem
662 3834 768 3885 meum,
788 3832 833 3872 me
846 3818 944 3887 quieto,

157 3895 268 3951 victoria
281 3895 356 3961 tuihi,
370 3909 421 3963 qua
442 3890 530 3955 novit,
545 3889 656 3945 addixit.
677 3887 780 3944 Sollicit
793 3902 841 3957 pro
854 3887 946 3943 iuuere

158 3967 221 4021 vich
235 3974 307 4021 tauta
321 3963 451 4034 dejectio;
463 3961 582 4018 adoravit
596 3973 714 4015 saracam
726 3957 761 4028 (c)
772 3958 900 4035 chlamys,
911 3958 946 4012 ti-

156 4036 225 4092 ntoit
245 4044 352 4092 sensatur
371 4033 512 4089 turbarum
525 4038 615 4101 eaput,
629 4029 739 4085 tremuit
755 4027 866 4085 militent
880 4028 944 4083 dor.

157 4107 261 4163 Doloris
274 4106 398 4160 dicontur
411 4104 477 4169 ista,
494 4109 568 4172 pater
587 4109 696 4166 sattcte,
718 4099 848 4180 cothurno
863 4114 870 4151 ι
884 4113 945 4180 nam

156 4192 269 4233 tenerur
281 4173 485 4232 illustrissimum
495 4171 642 4237 consulent,
653 4178 681 4225 et
690 4184 801 4238 prtmunt
811 4182 946 4238 conspreto

156 4257 324 4312 senatorem
339 4243 387 4300 sed
400 4259 433 4298 ne
445 4251 571 4299 consueta
586 4240 686 4296 lallaeia
701 4238 762 4293 mali
778 4252 840 4361 erga
853 4253 907 4301 me,
918 4248 946 4292 ut

157 4317 234 4381 solet,
244 4315 342 4385 aliquid
356 4313 489 4379 moliatur,
501 4320 625 4390 putetque
636 4323 665 4364 se
678 4308 734 4364 suis
746 4308 803 4362 lrao
825 4307 945 4388 ibos'lio

156 4387 243 4441 mattis
252 4383 365 4439 ducibus
378 4382 553 4451 profuturum,
566 4390 594 4435 et
607 4395 632 4433 tn
644 4392 704 4435 uteo
717 4383 840 4457 versetur
847 4383 944 4444 cutttu;

157 4456 288 4523 integrum
306 4452 341 4506 do
358 4453 413 4519 suis
425 4448 599 4507 sensibusdet
617 4456 669 4505 tum
684 4446 840 4502 Beatttudmt
854 4460 946 4502 saera·

157 4532 292 4588 mettttmt,
306 4523 328 4576 si
345 4521 434 4576 nulius
448 4521 474 4574 in
488 4520 548 4589 ejus
560 4519 640 4574 eorde
657 4519 768 4573 vertitur
785 4515 872 4596 dolus.
888 4516 945 4588 Egn

156 4604 245 4648 autent
261 4591 423 4662 peremnia,
439 4606 498 4660 quae
509 4601 599 4644 sancta
612 4597 685 4651 suut,
692 4588 771 4658 juro,
784 4600 908 4656 quomam
922 4588 945 4644 si

156 4662 226 4732 apud
237 4678 297 4717 eutn
310 4660 392 4716 animi
407 4675 532 4730 reperero
546 4659 697 4728 puritatem,
711 4672 771 4713 euru
787 4656 944 4714 incolumem

156 4749 189 4788 ac
201 4734 340 4788 subliment
355 4730 435 4785 ltalia
455 4729 599 4798 uanaque
618 4729 744 4789 reddatn.
765 4723 945 4795 peritustratis

157 4801 271 4860 inimicis
283 4802 342 4872 ejus
351 4809 378 4857 et
387 4800 504 4855 dentitis.
515 4798 605 4855 llostis
613 4807 702 4854 autent
713 4801 764 4852 erit
772 4809 827 4850 suae
837 4797 945 4868 arthure,

156 4875 179 4931 si
192 4872 291 4946 aliquid
305 4874 333 4927 itt
345 4886 378 4926 eo
389 4870 504 4925 sinistrae
517 4869 599 4940 partis
613 4869 749 4927 invenero.

418 4939 583 4995 epistota
596 4938 632 4994 ill
646 4940 698 5011 (d).

174 5013 288 5072 Domino
300 5011 394 5083 insigni
409 5009 556 5079 meritoque
571 5008 677 5065 sublimi
693 5009 761 5067 Filio
775 5010 927 5080 Βοιιιιιοιο,

385 5087 551 5138 huousrttvus
560 5080 710 5150 episcopus.

192 5153 239 5210 Vir
251 5153 444 5210 illustrissimus
460 5150 583 5207 Destinet
595 5158 762 5206 sacramente
774 5165 804 5206 se
818 5151 944 5220 prodidit,

156 5225 227 5294 quud
240 5227 275 5280 sit
290 5225 325 5282 ab
343 5223 416 5279 omni
435 5223 513 5292 culpa
532 5227 561 5275 et
575 5220 711 5276 erroribus
731 5222 841 5275 alienus.
861 5222 944 5288 Quem

157 5295 215 5361 tibi,
229 5302 257 5350 ut
269 5295 343 5361 dicit,
355 5288 500 5350 loederat'us
513 5289 656 5353 illeSouia,
669 5290 757 5347 adhue
770 5301 796 5347 te
810 5293 835 5346 in
849 5293 946 5360 palatio

157 5365 254 5436 posito,
265 5361 338 5418 istisis
350 5360 563 5434 suggestionibus
572 5360 731 5417 concitabat.
741 5361 794 5416 Sed
811 5377 845 5417 ue
862 5371 944 5418 mium

188 5485 304 5552 ¹aliqttot
313 5483 503 5547 cdd.,ertttitm.

198 5589 215 5626 a
236 5560 362 5627 itastoo.

199 5637 213 5689 lv
235 5638 297 5687 alias
309 5636 361 5686 llll.

197 5577 368 5825 olm&
379 5692 542 5759 gatthgentts
576 5778 580 5788 ,

336 5841 448 5902 Strcr.
472 5843 609 5899 auersa.
633 5836 671 5898 ll.

884 359 1065 417 aressuth.

998 475 1069 557 quod
1084 486 1152 558 'tunc
1164 480 1299 549 agebatur,
1316 483 1435 538 mittatur
1449 483 1475 538 iu
1492 484 1619 549 medient,
1635 483 1712 540 detur
1727 503 1787 557 pro·

997 544 1294 616 ltxttattcompentlium.
1308 552 1389 607 David
1400 552 1444 608 ilie
1453 554 1534 624 opilio
1548 570 1659 625 regnum
1675 572 1786 624 paroen-

997 613 1032 667 do
1046 617 1160 696 inimicis
1178 619 1300 675 obtinuit.
1319 619 1441 678 Christus
1460 638 1508 693 pro
1526 624 1644 690 iudeis,
1664 626 1708 696 qui
1725 641 1787 682 eum

996 698 1085 766 erocts
1096 687 1212 768 petitorio
1229 690 1406 757 confixerunt,
1428 692 1547 760 Patrem,
1562 710 1597 750 tte
1615 690 1787 762 irasceretur,

998 764 1107 821 rogatu,
1122 764 1149 811 et
1159 756 1272 827 tndiguis
1285 760 1436 818 hominibus
1446 763 1549 818 veniam
1563 764 1712 820 misericors
1722 780 1781 820 ortt

996 821 1114 879 donavit.
1129 824 1215 881 Crede
1228 828 1307 898 igitur
1318 829 1435 897 homini,
1451 833 1496 901 qui
1510 833 1573 886 milti
1589 832 1666 888 lidele
1680 833 1788 889 tradidit
1808 878 1810 882 ι

996 903 1204 974 sacramentum,
1212 906 1239 951 et
1248 899 1352 964 quaerit,
1364 902 1564 970 mepniticeute,
1577 911 1621 956 tua
1631 901 1787 960 defensione

997 973 1057 1017 vttre
1067 963 1223 1020 subsidium.
1237 965 1299 1022 Seio
1310 970 1381 1023 enim
1393 971 1464 1040 qood
1475 971 1534 1040 ejus
1543 972 1637 1028 salotis
1646 971 1711 1030 mihi
1723 988 1785 1043 pro-

996 1031 1077 1089 missa
1089 1034 1245 1104 eoutpleltis.

1249 1106 1412 1163 tetstotl
1426 1108 1472 1162 xit
1490 1107 1538 1181 (ιι).

998 1168 1110 1226 Domino
1123 1174 1266 1230 reiterabili
1287 1187 1379 1304 salugia
1394 1179 1459 1247 patri
1480 1179 1632 1236 hueusrtao
1646 1181 1782 1251 episcopo,

1348 1263 1477 1303 stractus.

1033 1310 1119 1366 Grave
1132 1312 1209 1368 uobis
1221 1326 1262 1370 est
1276 1315 1384 1372 bellum.
1403 1317 1505 1373 lnimiei
1522 1333 1614 1375 tuucro
1634 1317 1723 1377 tlostra
1737 1335 1785 1390 pe·

997 1388 1071 1435 ctera
1080 1382 1167 1451 pulsat
1177 1401 1183 1435 :
1194 1384 1248 1440 Deo
1258 1383 1338 1442 ittude
1353 1400 1454 1456 preces,
1469 1396 1498 1442 ut
1511 1389 1591 1453 soles,
1607 1397 1650 1443 tua
1663 1389 1698 1443 sit
1711 1389 1787 1445 nohis

997 1464 1087 1506 comes
1111 1453 1205 1506 oratio.
1229 1454 1317 1510 Ratrea
1340 1455 1468 1524 buccina,
1490 1458 1604 1512 terristca
1627 1458 1699 1520 tuba.
1724 1467 1787 1528 puto

997 1519 1067 1590 quod
1080 1530 1107 1577 et
1118 1523 1204 1578 sidera
1223 1531 1337 1592 terreal;
1355 1525 1469 1581 hostiurn
1482 1527 1582 1583 elatnur
1594 1528 1717 1582 immanis
1728 1536 1785 1593 est,

997 1590 1045 1644 sed
1059 1590 1100 1646 bis
1114 1606 1168 1646 nou
1183 1600 1313 1648 terremur
1326 1611 1333 1648 ε
1348 1596 1469 1651 novimus
1483 1598 1554 1650 euim
1569 1597 1619 1652 ista
1630 1613 1682 1652 nott
1696 1596 1786 1652 hodie.

999 1659 1078 1729 Ergo,
1097 1661 1250 1718 venerande
1264 1663 1362 1720 Christi
1381 1664 1520 1733 sacerdos,
1536 1675 1597 1736 pete
1610 1667 1692 1722 Deum
1706 1675 1735 1722 ut
1743 1667 1788 1736 ja·

998 1729 1054 1783 cuia
1067 1730 1092 1784 in
1106 1731 1195 1786 hostes
1206 1731 1302 1804 dirigat
1313 1744 1414 1802 nostra,
1427 1749 1459 1789 ac
1472 1750 1501 1790 se
1514 1736 1562 1807 ipsi
1583 1736 1716 1792 trucident
1728 1752 1795 1792 ntu-

998 1805 1042 1852 tua
1055 1800 1138 1855 caede.

1246 1871 1409 1929 spissata
1423 1873 1481 1929 lilii
1491 1874 1539 1946 (lv).

999 1935 1177 1995 Dilectissimo
1188 1950 1216 1998 et
1228 1943 1364 2024 spectabili
1378 1943 1435 2000 viro
1449 1944 1608 2013 Βοιιιτιοιο,
1622 1945 1787 2002 Αοοοοτιιιοο

1078 2056 1082 2071 .
1314 2028 1330 2068 e
1350 2027 1404 2067 tsen
1423 2029 1464 2068 us.

1029 2075 1113 2160 ¹Gravi
1125 2078 1158 2134 de
1167 2096 1254 2150 pugna
1263 2028 1449 2152 eouqiiereris:
1460 2082 1566 2139 dubites
1576 2083 1648 2151 uolo,
1663 2084 1727 2139 utile
1738 2084 1786 2140 tibi

999 2153 1103 2216 totsque
1115 2148 1184 2206 dabo
1196 2151 1354 2207 consilium:
1368 2152 1454 2223 arripe
1467 2152 1589 2208 mauibus
1597 2168 1688 2218 arma;
1701 2154 1788 2210 oratio

998 2231 1077 2272 aures
1092 2219 1176 2286 ptdset
1189 2221 1331 2277 hectoris:
1346 2222 1405 2291 quia
1425 2223 1531 2292 quando
1552 2233 1700 2293 pugnatur,
1718 2224 1788 2281 oses

998 2287 1098 2354 apertis
1109 2290 1183 2344 eoelis
1197 2299 1359 2361 prospectat,
1375 2299 1402 2347 et
1419 2301 1521 2362 partem
1534 2308 1613 2363 quant
1629 2293 1734 2363 inspicit
1742 2295 1788 2364 jo·

998 2364 1078 2423 stunt,
1094 2355 1187 2414 ibidat
1202 2361 1327 2430 palmam.
1346 2413 1350 2419 .

1068 2495 1074 2508 ι
1237 2428 1400 2511 epistota
1412 2429 1470 2486 xlv
1480 2429 1533 2556 gc).

998 2495 1111 2551 Domruo
1134 2499 1277 2555 venerabili
1291 2510 1384 2625 sagae
1400 2501 1466 2566 patri
1504 2516 1632 2558 tteusrtuo
1644 2502 1790 2574 episeopo,

1340 2584 1469 2626 attactus.

1034 2633 1127 2690 Danas
1139 2636 1263 2707 superba,
1275 2638 1329 2694 Deo
1335 2639 1455 2709 jurante,
1463 2638 1569 2706 cecidit,
1582 2656 1642 2710 quae
1651 2650 1713 2697 auto
1726 2657 1795 2711 pau·

999 2703 1082 2758 lulum
1093 2705 1178 2761 audax
1189 2704 1307 2776 gladium
1318 2719 1406 2764 erecta
1419 2711 1551 2779 portabat.
1563 2710 1636 2764 littlti
1648 2725 1682 2765 ett
1694 2709 1788 2766 adver·

998 2774 1037 2828 sis
1049 2774 1219 2840 ceciderunt:
1234 2776 1268 2831 de
1285 2778 1383 2832 uostris
1407 2788 1515 2843 autern,
1539 2779 1645 2834 Gltristo
1661 2777 1788 2848 jurante,

999 2842 1087 2898 nullus
1101 2853 1141 2898 est
1154 2846 1315 2901 vulneratus.
1329 2847 1381 2902 Dra
1392 2848 1481 2917 igitur,
1496 2848 1655 2905 venerabilis
1669 2864 1746 2921 papa,
1761 2865 1779 2904 tt

999 2912 1060 2968 talis
1072 2912 1107 2969 de
1119 2914 1234 2971 inimicis
1244 2916 1308 2970 ultio
1322 2932 1393 2985 sepe
1406 2917 1541 2987 procedat.

1244 2985 1408 3042 epistota
1424 2987 1471 3042 XV
1488 2986 1539 3069 (d).

1035 3054 1147 3111 Domino
1157 3053 1253 3127 insigni
1265 3056 1524 3126 meritoquesublimt
1535 3056 1589 3113 illio
1600 3057 1752 3122 Βοιιιτιοιο,

1224 3128 1391 3181 Autosrutus
1408 3126 1557 3196 episcopm.

1033 3193 1116 3249 Lecto
1130 3208 1172 3250 me
1178 3194 1268 3265 jaoere
1276 3193 1444 3261 Debilitatem
1455 3204 1525 3249 tuam
1537 3194 1619 3250 latere
1631 3209 1683 3250 non
1694 3195 1788 3263 credo,

998 3262 1172 3332 ultimumque
1196 3263 1266 3318 diem
1289 3264 1353 3319 milti
1373 3273 1470 3334 exopto
1489 3264 1589 3319 venire.
1609 3263 1719 3321 Gaudeo
1736 3276 1789 3322 tour

998 3332 1124 3386 victoriae.
1135 3332 1287 3400 Civitatem,
1300 3347 1401 3403 quaeso,
1416 3347 1493 3388 serva
1508 3334 1670 3400 Dentatum,
1685 3345 1745 3391 tuos
1759 3347 1790 3391 ut

999 3401 1084 3459 bouus
1097 3416 1160 3471 rege
1178 3416 1268 3457 comcs
1282 3421 1289 3457 z
1302 3403 1367 3457 nihil
1387 3402 1421 3457 de
1441 3404 1541 3459 viribus
1554 3404 1668 3475 propriis
1688 3420 1789 3474 praesu·

998 3485 1073 3535 mas;
1087 3470 1122 3527 de
1133 3478 1242 3526 auctore
1253 3472 1365 3542 gloriare
1378 3474 1515 3541 uirtutum,
1526 3482 1555 3528 et
1566 3474 1667 3529 nollunt
1680 3474 1787 3530 curabis

998 3541 1103 3609 pettitm
1115 3540 1403 3667 inimicuffipiiiepgq
1424 3611 1484 3667 m
1501 3611 1510 3681 (
1528 3611 1537 3682 )

1296 3649 1305 3665 .
1513 3628 1528 3666 e

1199 3680 1335 3737 Dourractt
1350 3699 1384 3737 tn
1396 3684 1580 3739 Aoeusrtuntt.

1032 3747 1170 3819 Nunquam
1194 3750 1320 3807 Divinitas
1343 3767 1435 3823 preces
1457 3767 1489 3806 ac
1512 3753 1642 3824 laeryntas
1673 3752 1786 3823 despicit

996 3829 1175 3890 pereamust.
1189 3821 1270 3890 Cupis
1283 3821 1340 3890 ipse
1358 3821 1465 3893 quidem
1482 3820 1517 3877 de
1539 3822 1589 3877 itae
1603 3823 1656 3878 vita
1678 3837 1790 3880 securos

997 3890 1031 3944 ad
1042 3890 1103 3945 cmii
1117 3906 1198 3961 regua
1217 3891 1346 3961 tnigrare;
1366 3891 1412 3947 sed
1432 3889 1509 3947 uobis
1526 3906 1594 3960 opus
1614 3907 1643 3948 es
1664 3891 1786 3960 fessistu

998 3961 1078 4015 tatttis
1094 3960 1181 4015 adhue
1203 3961 1327 4031 perieulis
1349 3960 1509 4029 constitutis.
1534 3962 1623 4031 ltaque
1636 3977 1684 4018 ora
1697 3963 1788 4020 nobis·

996 4043 1076 4094 euru,
1096 4030 1122 4086 iu
1136 4039 1181 4086 toa
1193 4030 1269 4087 uobis
1286 4031 1359 4088 salus
1371 4031 1561 4101 aliquantolum
1581 4033 1708 4104 temporis
1721 4048 1788 4089 cou-

996 4099 1119 4157 donetur.

1296 4168 1482 4227 auttortltto

1200 4275 1234 4316 na
1246 4275 1429 4326 sumnonem
1444 4275 1579 4318 morosa.

1032 4372 1080 4429 llic
1093 4374 1150 4444 ipse
1159 4384 1202 4429 est
1214 4373 1281 4431 liber
1292 4374 1326 4430 ad
1339 4374 1544 4442 Devnetriadem,
1555 4373 1601 4446 qui
1610 4373 1673 4432 olim
1684 4388 1746 4447 oum
1761 4375 1788 4432 iu

997 4479 1091 4520 marrus
1104 4465 1241 4536 Augustini
1261 4465 1376 4537 atussa
1393 4467 1452 4523 sitve
1465 4466 1580 4522 auctoris
1599 4467 1726 4532 nomine,
1743 4482 1788 4524 re·

996 4555 1102 4624 scripsit
1115 4555 1159 4610 ille
1171 4556 1365 4626 quamprimum
1379 4556 1412 4610 ad
1427 4555 1601 4612 Demetriadis
1613 4565 1725 4612 matrem
1738 4557 1788 4612 lu·

997 4642 1093 4699 lionam
1105 4644 1194 4717 (supro
1208 4644 1292 4718 Epist.
1308 4645 1383 4720 l88),
1397 4649 1496 4702 rescire
1509 4647 1620 4715 cupiens
1639 4647 1709 4703 unde
1722 4663 1788 4718 pro·

996 4732 1094 4792 fedum
1106 4744 1179 4791 esset
1190 4735 1260 4792 istud
1274 4736 1447 4807 opusculum,
1461 4751 1514 4806 quo
1534 4736 1697 4807 pelagianum
1710 4753 1788 4794 erro·

997 4843 1053 4883 reut
1067 4827 1133 4882 trudi
1144 4827 1382 4884 animadvertebat.
1396 4827 1567 4884 Postmodum
1580 4842 1654 4896 vero,
1675 4829 1702 4884 in
1720 4828 1789 4887 libro

997 4918 1032 4975 de
1043 4917 1133 4975 Gratia
1144 4917 1253 4986 Christi,
1268 4933 1294 4975 e.
1307 4919 1353 4988 2⁰,
1364 4927 1392 4975 el
1400 4920 1582 4992 sequentibus,
1598 4919 1682 4992 ipsius
1694 4930 1788 4978 aucto·

997 5025 1053 5066 retu
1068 5010 1192 5066 iudicavit
1205 5010 1357 5083 Pelagium
1372 5010 1426 5080 imo
1439 5026 1471 5067 et
1482 5011 1601 5082 ejusdem
1613 5011 1672 5067 libri
1683 5027 1743 5084 cap.
1755 5013 1789 5070 57

997 5118 1028 5157 se
1047 5103 1105 5173 ipse
1126 5102 1270 5158 declararit
1292 5101 1416 5174 Pelagius
1436 5102 1462 5157 iu
1483 5105 1539 5159 suis
1560 5103 1594 5159 ad
1607 5103 1789 5162 innocentium

998 5209 1092 5265 papam
1103 5193 1197 5250 litteris
1205 5195 1323 5251 scribens
1335 5210 1342 5251 ι
1354 5185 1451 5266 L'egout
1459 5209 1534 5266 quom
1543 5195 1578 5249 od
1586 5212 1685 5252 ιοειοιιι
1697 5196 1790 5253 Citritti

997 5286 1118 5358 virginem
1132 5284 1317 5341 Demetriadem
1330 5287 1357 5341 in
1372 5283 1473 5341 Oriente
1487 5286 1734 5358 conscripsimus
1748 5287 1788 5342 itr-

998 5376 1096 5432 oettr'eut
1110 5392 1156 5430 not
1168 5376 1204 5430 ito
1215 5376 1323 5431 laudula
1337 5376 1442 5432 medere
1454 5387 1581 5444 notarem,
1594 5387 1621 5435 etl
1635 5376 1682 5432 Det'
1693 5393 1789 5451 scurper
1842 5420 1843 5423 ,

1041 5521 1056 5558 e
1079 5506 1141 5559 alias
1154 5508 1205 5558 iliis

1041 5568 1056 5621 b
1078 5569 1139 5620 alias
1151 5569 1203 5619 llll.

1041 5644 1055 5682 c
1078 5630 1141 5681 allas
1153 5631 1205 5682 195.

1080 5691 1205 5742 lllasllld.

1043 5767 1055 5801 r
1078 5751 1140 5804 alias
1154 5753 1206 5803 lbi.
1240 5815 1248 5825 ·

1408 5833 1649 5912 (Treuir-cinq.)
