3906 6390
89 308 138 366 idi

89 414 202 472 trtmultu
216 422 244 470 ct
255 413 466 468 contentionibus
476 412 563 466 audite
576 428 583 464 :
598 426 646 466 nec
655 411 718 466 solae
731 410 807 466 vobis
817 410 876 464 lau·

90 521 136 562 ces
156 514 262 560 sumunt
278 505 376 567 cibum,
390 503 435 559 sed
451 510 479 557 ct
496 518 574 558 aures
588 501 733 571 percipiant
752 501 797 554 liei
815 515 876 554 ver·

90 596 163 651 baur.

124 687 151 742 9.
166 687 229 755 urvo
252 686 361 740 irrbrrnac
382 693 442 740 suut
458 699 491 738 cr
510 682 619 753 pristina
639 679 875 746 consvretndiue,si

89 779 165 833 aliter
178 784 322 832 tractantur
338 775 365 830 in
386 776 466 841 victu,
488 789 541 828 non
563 772 641 827 debet
659 771 716 826 aliis
736 771 875 824 molestum

89 883 157 933 csse,
172 882 221 923 nec
233 868 357 936 injustum
368 866 461 931 videri,
476 877 543 935 quas
560 862 623 918 iecit
641 863 692 916 alia
713 859 875 916 consuetudo

89 957 220 1014 tortiores.
231 957 286 1012 Nec
297 955 357 1010 illas
369 955 499 1010 feliciores
506 961 606 1023 putent,
618 953 678 1023 quia
688 958 795 1006 sumum
805 949 874 1020 quod

88 1064 140 1102 nou
160 1056 267 1103 sumunt
288 1046 371 1116 ipsae:
384 1043 431 1098 scd
447 1043 496 1098 silvi
515 1043 603 1112 potitus
621 1041 794 1112 gratulentur,
813 1040 874 1108 quia

89 1138 176 1191 valent
190 1135 260 1205 quod
273 1149 325 1189 uon
342 1134 432 1188 valent
444 1132 504 1186 illae.
531 1131 565 1185 Et
578 1132 600 1185 si
613 1131 651 1186 eis
663 1145 722 1200 quae
746 1135 876 1184 venerunt

88 1243 121 1282 er
145 1226 264 1282 moribus
286 1223 483 1280 delicatioribus
503 1221 537 1276 ad
557 1220 757 1287 monasterium,
776 1218 874 1288 aliquid

88 1317 283 1377 alimentorum,
304 1313 530 1377 vestimentorum,
554 1319 768 1372 stramentorum,
785 1308 875 1377 operi·

88 1413 236 1460 mentorum
258 1402 344 1466 datur,
368 1401 435 1473 quod
455 1402 513 1454 aliis
531 1399 691 1461 iurtioribus,
707 1406 733 1451 et
747 1397 806 1451 ideo
818 1396 876 1450 lcii·

88 1495 204 1549 eioribus
225 1507 278 1547 non
298 1492 390 1553 datur;
405 1490 520 1559 aiginane
540 1488 637 1543 debent
656 1487 751 1557 quibus
764 1502 815 1539 non
828 1485 875 1539 do-

87 1594 141 1651 tnr,
155 1591 280 1653 quantum
301 1583 335 1636 de
351 1597 399 1636 sua
412 1580 532 1636 seculari
553 1579 604 1633 vita
620 1578 672 1632 illae
684 1578 717 1631 ad
738 1578 814 1631 istam
828 1577 874 1632 de·

87 1674 249 1739 scenderint,
263 1673 387 1742 quamvis
399 1669 524 1741 usquead
538 1671 648 1724 aliarum
660 1684 719 1739 quae
733 1676 794 1724 suut
813 1684 875 1724 cur·

87 1781 151 1835 pore
174 1765 311 1830 fortiores,
337 1762 511 1832 irrugalitatem
535 1760 673 1830 pervenire
697 1759 873 1830 nequiverint.

87 1855 140 1908 Nec
154 1855 205 1908 illae
218 1853 315 1908 debent
327 1851 487 1912 conturbari,
501 1848 570 1920 quod
581 1863 628 1904 ιιι
639 1848 728 1904 vident
749 1848 873 1918 amplius,

86 1960 138 2000 uon
146 1945 206 2014 quia
218 1945 389 2005 bonorautnr,
402 1941 448 1996 sed
459 1942 519 2010 quin
531 1941 683 2005 tolerantur,
691 1939 825 2009 accipere;
841 1954 875 1995 ue

86 2034 219 2103 contingat
241 2031 393 2087 detestanda
414 2031 581 2100 perversitas,
602 2038 629 2083 nt
654 2030 679 2084 iu
700 2031 871 2096 monasterio,

87 2125 142 2190 ubi,
156 2133 281 2195 quantum
296 2131 415 2192 possunt,
438 2121 504 2174 ιιιιιι
526 2121 621 2176 divites
643 2121 791 2186 laboriosa,
810 2120 875 2175 itaut

87 2228 214 2284 pauperes
234 2213 363 2268 delicata.
388 2212 458 2266 Sanc
477 2211 696 2281 quomadmodum
717 2220 875 2282 egrotantes

86 2317 195 2358 necesse
208 2302 306 2355 babent
317 2302 404 2355 utilius
417 2302 536 2369 :accipere
549 2314 582 2354 ue
594 2310 751 2370 grumorum
767 2300 802 2355 ita
814 2309 875 2370 post

85 2390 267 2463 egritudinem
289 2392 328 2445 sic
350 2389 490 2445 tractandae
503 2398 566 2444 surtt
580 2399 608 2443 ιιι
619 2389 696 2444 citius
709 2400 873 2456 recreentur,

85 2481 187 2535 etiamsi
199 2479 233 2535 de
246 2480 390 2534 humillima
404 2479 492 2534 sectili
504 2485 658 2548 paupertate
670 2486 807 2545 venerunt,
822 2487 876 2533 tau-

86 2586 164 2640 quam
178 2569 229 2625 boc
240 2570 291 2624 illis
302 2569 444 2624 corrtulcrit
458 2568 590 2624 recentior
599 2567 738 2638 aegritudo,
748 2568 818 2639 quad
834 2568 875 2623 di·

85 2659 180 2713 vitlbus
189 2659 304 2714 anterior
311 2658 485 2713 consuetudo.
497 2658 547 2714 Sed
554 2674 614 2714 cnm
620 2660 690 2715 vires
696 2659 821 2728 pristinas
829 2674 875 2714 re·

85 2748 244 2818 paraverint,
254 2747 362 2802 redeant
371 2748 404 2802 ad
413 2748 555 2803 lelicioreua
562 2747 779 2804 coustrctudinem
788 2763 873 2815 suant,

84 2853 144 2912 quae
161 2836 272 2893 innacius
294 2837 341 2892 liei
360 2846 432 2892 tanto
451 2838 564 2906 amplius
580 2837 666 2904 dccet,
677 2847 776 2907 «quatuo
788 2839 875 2894 minus

83 2929 201 2998 indigent
216 2946 222 2984 :
237 2942 285 2981 nec
297 2927 333 2982 ibi
343 2942 388 2980 eas
402 2935 490 2981 teuent
500 2926 621 2980 voluntas
629 2926 685 2996 jam
696 2937 810 2997 vegetas,
821 2943 874 2998 quta

85 3019 227 3073 necessitas
239 3018 340 3072 levarat
350 3015 477 3071 indrmas.
492 3016 544 3070 lllae
556 3031 585 3071 se
595 3016 873 3082 existimeutditiorcs,

82 3123 141 3177 quae
154 3106 252 3162 luerint
265 3107 290 3161 in
305 3106 458 3161 sustinenda
481 3107 606 3174 parcitate
630 3105 763 3163 fortiores.
777 3107 874 3163 ldelius

83 3199 201 3253 estenim
214 3199 397 3267 miuuscgerc,
409 3211 487 3266 quam
503 3196 562 3265 plus
571 3196 679 3251 babere.

102 3289 161 3364 ld.
174 3286 231 3342 Nou
245 3285 280 3342 sit
297 3287 419 3342 notabilis
435 3287 538 3340 babitus
555 3295 656 3350 vester3
677 3301 726 3341 uec
745 3286 874 3342 affectetis

84 3378 320 3454 vestibusplacere,
334 3376 382 3430 scd
395 3376 523 3430 moribus.
536 3376 589 3430 Nec
607 3377 660 3431 siut
677 3377 752 3431 vobis
765 3386 817 3431 tam
832 3386 873 3432 te·

84 3484 146 3524 nera
164 3469 278 3538 capitum
300 3467 414 3537 tegmina
436 3475 465 3519 ut
486 3466 578 3520 retiola
602 3466 694 3521 subter
717 3457 871 3536 appareant.

83 3557 196 3627 Capillos
210 3572 241 3611 ex
258 3549 328 3610 uuila
350 3564 422 3626 parte
438 3553 522 3608 nudos
543 3554 737 3618 laurentianae
754 3555 817 3609 luris
830 3555 872 3611 vel

82 3656 188 3718 spargat
200 3646 367 3716 negligentia,
390 3645 430 3699 vel
445 3653 587 3714 componat
607 3643 743 3698 industria.
763 3644 873 3712 Quando

85 3735 238 3806 proceditis,
260 3735 337 3790 simul
355 3733 488 3787 ambulate
504 3749 511 3786 :
526 3746 586 3786 cum
601 3732 726 3786 veneritis
744 3747 796 3802 quo
817 3732 870 3800 itis,

82 3827 159 3881 simul
180 3833 258 3880 state.
272 3824 300 3880 ln
317 3825 431 3890 incessu,
446 3823 471 3876 iu
486 3831 566 3889 statu,
580 3822 606 3876 iu
626 3821 727 3882 babitu.
739 3822 765 3876 in
785 3823 872 3877 omni·

82 3916 131 3969 bus
144 3915 259 3970 motibus
271 3915 366 3970 vestris
380 3912 444 3967 rtibil
456 3912 502 3966 ilat
515 3912 584 3982 quod
605 3912 694 3966 illiciat
716 3915 870 3983 cuiusquam

82 4004 227 4070 libidinem,
240 3982 367 4074 sed'quod
377 4015 490 4058 vestram
501 4001 594 4056 deceat
603 4001 780 4057 sanctitatem.
797 4002 871 4058 Oculi

81 4097 162 4151 vestri
172 4096 221 4150 etsi
238 4094 371 4164 jaciuntur
386 4093 412 4148 iu
426 4093 550 4164 aliquem,
564 4092 677 4163 irgatrtur
689 4093 716 4145 iu
726 4094 870 4150 nemiuem.

81 4189 172 4259 Neque
185 4188 254 4243 euim
265 4185 372 4257 quaudo
384 4185 536 4256 proceditis,
551 4184 621 4239 viros
637 4182 727 4238 videre
745 4184 870 4254 probibe-

81 4280 155 4344 ruiui,
172 4277 219 4333 sed
232 4284 367 4346 appetere,
377 4283 424 4329 aut
437 4274 500 4344 ipsis
510 4275 596 4342 appeti
607 4273 684 4327 velle.
699 4272 820 4329 Nccsclo
830 4283 870 4328 ta·

81 4380 136 4435 ctu,
153 4366 303 4423 sedadectu
317 4379 422 4435 qunque
435 4371 462 4418 et
471 4372 578 4432 aspectu
592 4363 735 4432 appetitur,
748 4371 775 4417 et
788 4378 869 4433 eppe-

82 4458 114 4512 tit
125 4454 232 4511 iemiua.
246 4454 303 4510 ιιιι
313 4453 407 4508 dicetis
419 4466 467 4506 vos
484 4451 581 4506 lrabere
596 4452 701 4507 artimus
713 4452 832 4524 pudicos,
847 4445 870 4509 si

82 4544 199 4599 babeatis
207 4543 298 4598 oeulos
308 4541 454 4611 impudicos
466 4557 473 4594 :
488 4541 550 4615 quia
559 4541 707 4611 impudicus
715 4543 807 4597 oculus
817 4543 869 4597 im·

82 4639 168 4708 pudici
181 4637 268 4694 cordis
286 4646 328 4692 est
349 4635 467 4689 nuntius.
488 4633 522 4688 Et
541 4647 601 4688 curn
620 4646 650 4688 se
671 4633 784 4688 invicem
806 4635 869 4699 sibi,

80 4728 159 4784 etiam
171 4734 273 4781 tacerrtc
283 4725 380 4795 lingua,
394 4732 538 4791 conspeetu
550 4730 642 4776 mutuo
654 4722 733 4776 corda
749 4723 870 4778 nuntiant

82 4818 222 4888 impudica,
239 4825 266 4871 et
278 4813 421 4870 seeundum
439 4812 677 4881 concupiscentiam
688 4812 777 4866 carnis
788 4812 870 4867 alter·

82 4918 141 4963 utro
159 4903 443 4968 delectanturardore;
466 4903 545 4957 etiam
564 4902 669 4956 intretis
682 4902 716 4957 ab
735 4903 868 4959 immunda

82 5000 225 5054 violatione
245 4995 408 5067 corporibus,
424 4993 489 5063 sugit
501 4992 608 5047 castitas
625 4993 678 5061 ipsa
690 4992 724 5048 de
742 4993 868 5048 moribus.

81 5088 135 5145 Nec
153 5080 244 5160 putare
264 5085 343 5142 debet
361 5099 420 5155 quae
435 5086 461 5138 iu
474 5083 621 5138 masculum
636 5083 690 5153 tigit
709 5085 822 5150 oculeum,
841 5091 870 5140 et

82 5178 151 5233 illius
163 5179 189 5232 iu
203 5178 315 5246 seipsam
328 5174 411 5244 diligit
423 5174 515 5235 lirum,
526 5187 580 5228 non
591 5173 624 5227 ab
637 5173 696 5228 aliis
706 5173 797 5238 videri,
806 5188 867 5229 ιιιιιι

82 5267 133 5321 ιιιι
147 5267 223 5331 lacit;
238 5264 340 5320 videtur
356 5262 463 5318 omnino
477 5269 533 5316 eta
548 5262 644 5331 quibus
657 5261 739 5317 videri
755 5277 806 5316 ιιοιι
821 5276 867 5317 ar·

81 5358 201 5413 bitratur.
222 5355 274 5411 Sed
291 5369 354 5411 ecce
372 5354 463 5419 lateat,
482 5360 510 5406 et
526 5366 541 5405 a
555 5353 659 5408 nemine
676 5352 811 5425 bominum
828 5353 869 5407 vi·

82 5450 184 5514 dentur,
203 5445 264 5516 quid
284 5444 363 5500 luciet
374 5443 407 5499 da
426 5443 471 5498 iilo
492 5456 608 5512 superno
620 5443 769 5513 inspectore
787 5459 866 5516 quem

82 5541 164 5596 intere
178 5536 243 5593 ιιιιιιι
259 5535 362 5605 potasti
376 5533 417 5587 An
428 5533 488 5589 idea
500 5532 633 5604 putandus
644 5543 685 5589 est
698 5548 750 5589 uon
764 5534 866 5600 videre,

82 5632 140 5701 quia
165 5638 236 5684 tanto
254 5625 325 5681 videt
344 5600 627 5695 padmdus,⁴quauta
646 5626 807 5696 sapientius?
827 5626 865 5682 llli

664 299 898 357 scrutabuntur
919 301 1055 358 cttssts
1074 302 1116 359 ill.

1656 314 1711 370 uus

928 426 991 480 ergo
1011 411 1103 467 timeat
1122 423 1212 470 sancta
1232 415 1327 472 sentina
1347 417 1497 489 displicere,
1518 438 1552 478 ne
1570 425 1633 479 velit
1652 427 1712 482 viro

928 504 995 556 male
1002 504 1118 573 placere:
1128 505 1397 577 iiinmcogitetamuia
1405 511 1502 578 videre,
1512 529 1545 567 ne
1556 515 1617 569 velit
1625 515 1709 570 virum

927 595 996 649 male
1009 594 1108 650 videre.
1125 595 1196 650 lilius
1206 612 1318 668 nauaque
1331 609 1358 654 et
1370 599 1396 654 in
1412 601 1461 655 lrac
1471 617 1550 656 causa
1564 617 1703 659 contenten-

926 682 1003 737 datus
1013 693 1053 738 cst
1065 684 1152 751 timor,
1168 686 1214 739 ubi
1228 688 1353 755 scriptum
1367 696 1428 743 est:
1445 676 1644 747 Αιοιιιιιιιιιιιιι
1657 693 1711 748 Do·

926 774 993 828 mino
1012 774 1122 845 defigens
1138 775 1238 829 ιιιιιιιιι
1256 776 1352 848 (Prae.
1369 794 1450 844 rxvu,
1471 779 1517 845 tu,
1536 797 1587 835 tec.
1608 782 1677 836 txx
1689 783 1709 853 l.

925 864 1035 931 Quarrdo
1051 880 1114 935 ergo
1135 866 1211 920 sirnul
1237 869 1302 923 estis
1319 868 1344 922 iu
1362 870 1484 936 ecclesia,
1503 880 1530 925 ct
1552 873 1710 942 ubicumque

927 953 969 1007 nbi
982 961 1011 1009 et
1023 955 1072 1008 viri
1084 963 1155 1018 sum,
1167 956 1277 1011 invicem
1286 966 1399 1013 vestram
1408 960 1558 1028 pudicitiam
1568 963 1709 1018 custodite.

927 1044 995 1099 Deus
1010 1047 1081 1099 cuim
1094 1046 1139 1116 qui
1154 1046 1253 1101 inabitat
1265 1047 1291 1102 in
1304 1048 1386 1115 vobis,
1402 1051 1481 1105 etiam
1496 1050 1638 1106 istomodo
1660 1067 1708 1107 cu·

925 1135 1021 1189 stodiet
1035 1152 1081 1190 vus
1096 1151 1127 1190 ex
1143 1137 1226 1199 vebis.

960 1224 1003 1278 ll.
1018 1224 1051 1279 ιιι
1064 1225 1087 1279 si
1100 1224 1167 1280 lrane
1179 1226 1212 1281 de
1224 1242 1274 1296 qua
1287 1227 1390 1297 loquor,
1404 1228 1471 1283 oculi
1488 1230 1660 1300 petulantiam
1679 1232 1707 1287 iu

925 1313 1010 1383 aliqua
1019 1322 1133 1370 vestmm
1140 1314 1315 1382 adverteritis,
1324 1317 1411 1370 rtatim
1421 1316 1571 1383 admonete,
1580 1334 1613 1374 ue
1619 1329 1705 1389 crepta

925 1403 1135 1473 progrediantur,
1149 1405 1196 1460 sed
1210 1420 1242 1460 cx
1257 1406 1377 1474 proximo
1391 1406 1563 1476 corrigantur.
1578 1406 1605 1463 st
1618 1416 1708 1477 ιιιιιιιι

924 1502 951 1546 ιι
965 1491 1236 1561 postadmonitionem
1251 1493 1356 1558 iterum,
1372 1493 1474 1549 velalio
1487 1511 1652 1566 quocumque
1662 1496 1705 1552 die

925 1582 1037 1651 idipsum
1051 1598 1110 1638 eam
1132 1582 1220 1638 iacere
1238 1582 1366 1648 videritis,
1383 1583 1437 1653 jam
1456 1583 1527 1639 velut
1547 1585 1710 1641 vulneratam

924 1673 1067 1728 sanandam
1088 1673 1181 1743 prodat
1202 1688 1373 1743 quaecumque
1395 1674 1513 1731 invenire
1535 1677 1619 1746 potuit
1639 1676 1708 1744 lroc,

926 1764 998 1835 prius
1008 1773 1094 1820 tamen
1102 1773 1129 1820 ιι
1142 1764 1219 1819 alteri
1229 1766 1271 1820 vel
1284 1765 1367 1820 tertiae
1375 1764 1593 1834 demonstratam,
1606 1766 1709 1822 utdua-

925 1870 982 1908 rum
997 1854 1038 1909 vel
1054 1854 1132 1909 trium
1148 1855 1231 1925 pessit
1242 1869 1289 1910 ore
1302 1854 1420 1909 convinci
1434 1853 1544 1925 (turn.
1560 1870 1634 1921 rutra,
1653 1855 1709 1926 tu),

924 1952 951 1999 et
962 1944 1123 2014 competenti
1143 1942 1284 2000 severiutc
1306 1943 1433 2006 coerceri.
1457 1943 1512 1999 Nec
1527 1958 1574 1997 vus
1586 1943 1711 2014 judicetis

925 2047 984 2089 csse
1001 2034 1153 2099 malevolas,
1176 2034 1281 2104 quaudo
1294 2034 1344 2089 hac
1358 2033 1487 2089 indicatis.
1509 2033 1591 2103 lingis
1613 2034 1710 2104 quippe

926 2123 1078 2178 innocentes
1090 2125 1224 2188 nonestis,
1235 2124 1257 2178 si
1266 2138 1371 2179 sorores
1379 2130 1489 2188 vestras,
1498 2123 1709 2194 qtrnsiudicnuda

924 2214 1056 2283 corrigere
1068 2214 1187 2284 potestis,
1204 2215 1314 2269 tacendo
1327 2214 1412 2284 perire
1426 2214 1586 2285 permittitis.
1596 2214 1623 2269 Si
1638 2215 1708 2268 cuim

925 2320 1002 2359 soror
1016 2315 1058 2360 tua
1071 2305 1165 2359 viduus
1180 2304 1288 2359 liaberet
1300 2305 1326 2358 iu
1337 2319 1459 2375 corpore,
1478 2304 1547 2374 quad
1567 2304 1644 2358 veliet
1663 2319 1710 2358 oc·

924 2394 1030 2461 coitari,
1048 2393 1110 2448 dum
1131 2394 1238 2449 timeret
1257 2393 1352 2460 secari,
1366 2407 1453 2448 vroune
1473 2392 1614 2449 crudeliter
1622 2393 1669 2449 abs
1684 2403 1711 2449 te

924 2484 1056 2552 sileretur,
1070 2493 1097 2540 et
1112 2483 1317 2540 misericorditer
1331 2483 1508 2541 iudicaretur?
1526 2485 1629 2550 Quanta
1647 2500 1711 2555 crgo

925 2573 1011 2642 potitus
1025 2588 1083 2628 eam
1093 2573 1175 2628 deltes
1187 2573 1365 2639 mauiiestare,
1386 2588 1419 2628 ue
1431 2574 1603 2642 perniciosius
1621 2585 1710 2645 putre·

924 2672 981 2718 scat
992 2664 1018 2717 iu
1033 2662 1132 2718 corde?
1147 2663 1198 2719 Sed
1219 2672 1358 2734 autequam
1371 2663 1429 2717 aliis
1446 2662 1650 2727 demonstretur,
1665 2679 1711 2733 per

924 2767 990 2821 quas
1008 2752 1186 2806 convincenda
1198 2761 1239 2806 est
1256 2751 1279 2806 si
1300 2750 1442 2822 negaverit,
1466 2753 1613 2820 praeposite
1631 2751 1712 2807 debet

924 2839 1039 2916 ostertdi,
1054 2840 1076 2894 si
1091 2839 1224 2893 admonita
1234 2838 1377 2908 neglexerit
1389 2839 1494 2909 corrigi,
1507 2838 1616 2894 nelarie
1629 2841 1712 2909 pessit

923 2930 1052 2985 secretius
1065 2937 1184 2999 correpta
1200 2943 1251 2983 nou
1265 2929 1272 2961 ¹
1287 2931 1452 2983 innotescere
1461 2929 1574 2982 caeteris.
1585 2929 1613 2983 Si
1622 2937 1710 2984 ιιιιιιιι

925 3018 1070 3088 negaverit,
1087 3026 1148 3072 tunc
1161 3017 1265 3086 neganti
1276 3016 1455 3071 'adhibendae
1464 3027 1524 3072 suut
1536 3017 1603 3083 aliae,
1619 3028 1645 3072 ut
1655 3018 1711 3087 jam

924 3121 1012 3161 eoram
1033 3108 1156 3162 omnibus
1169 3107 1262 3176 possit,
1273 3120 1325 3160 uon
1338 3105 1371 3159 ab
1385 3120 1435 3159 una
1449 3113 1516 3160 teste
1529 3107 1614 3177 amnti,
1634 3107 1680 3161 sed
1695 3122 1710 3160 a

924 3199 1027 3254 duabus
1041 3198 1157 3252 tribusve
1173 3197 1303 3251 eauviuci.
1325 3195 1449 3250 Corruicta
1473 3210 1545 3262 vero,
1566 3196 1710 3251 secuudum

925 3286 1072 3356 praepositae
1087 3286 1128 3339 vel
1144 3284 1290 3355 presbyteri
1310 3283 1445 3338 arbitrium
1459 3283 1539 3339 debet
1558 3283 1710 3339 erttcuduto-

924 3358 989 3428 riam
1002 3375 1132 3428 sustinere
1150 3369 1291 3427 vindictam
1305 3371 1316 3403 ⁸
1332 3372 1469 3442 :quamsi
1484 3373 1551 3427 lerre
1573 3387 1710 3429 recusave-

922 3463 967 3530 rit,
983 3471 1010 3517 et
1021 3461 1043 3517 si
1055 3462 1110 3531 ipsa
1123 3476 1177 3515 uon
1188 3461 1354 3525 abscesserit,
1365 3461 1399 3517 dc
1411 3470 1497 3515 vestra
1510 3462 1636 3518 societate
1647 3478 1709 3530 pru·

920 3554 1037 3624 jiciatur.
1058 3551 1115 3607 Non
1130 3551 1201 3606 cuim
1224 3559 1251 3605 et
1268 3551 1318 3606 lroc
1333 3551 1361 3605 ιιι
1375 3551 1524 3618 crudeliter,
1544 3552 1590 3606 scd
1607 3552 1710 3607 miseri-

922 3643 1047 3708 corditer,
1058 3658 1092 3697 ne
1107 3641 1262 3710 contagione
1275 3638 1398 3710 pestilera
1419 3640 1543 3711 plurimas
1560 3641 1661 3711 perdat.
1677 3642 1711 3698 ιιι

922 3733 974 3789 ιιοι
985 3732 1055 3804 quad
1070 3732 1124 3788 diri
1138 3731 1171 3787 de
1184 3732 1262 3786 oculo
1278 3746 1329 3787 non
1344 3730 1457 3801 ligando,
1471 3731 1550 3786 etiam
1566 3730 1591 3785 in
1606 3732 1711 3789 ιιιιιιι

922 3824 1101 3889 inveniendis,
1122 3819 1303 3892 prohibendis,
1321 3820 1484 3887 iudicandis,
1506 3820 1708 3887 convincendis,

923 3913 1135 3984 vindicandisque
1161 3911 1276 3983 pcccatis
1300 3911 1441 3982 diligenter
1462 3910 1627 3978 observetur,
1647 3926 1707 3966 cum

921 4008 1063 4064 dilectione
1085 4005 1221 4062 leontinum
1243 4012 1270 4058 et
1292 4002 1355 4059 odio
1375 4002 1508 4058 vitiorum.
1532 4001 1710 4072 Quaecumque

921 4097 1048 4154 antemio
1063 4104 1163 4151 tanturn
1184 4109 1323 4166 progressa
1342 4092 1422 4148 inerit
1435 4092 1545 4160 malum,
1565 4101 1595 4148 ut
1607 4095 1710 4149 occulte

921 4190 955 4244 ab
966 4188 1056 4258 aliquo
1067 4187 1169 4242 litteras
1181 4187 1223 4241 vel
1243 4185 1366 4255 quaelibet
1381 4183 1535 4238 munuscula
1551 4183 1670 4253 accipiat,
1685 4183 1709 4238 si

922 4278 973 4332 boc
985 4278 1054 4331 ultro
1065 4274 1214 4342 coulltetur,
1227 4281 1351 4344 parcatur
1363 4271 1411 4337 illi,
1426 4281 1454 4327 et
1465 4279 1555 4326 oretur
1566 4285 1615 4342 pra
1626 4285 1667 4326 ea.
1679 4271 1708 4328 Si

920 4375 1008 4422 antem
1030 4364 1235 4435 deprehenditur
1253 4373 1332 4434 nque
1355 4361 1533 4428 convincitur,
1561 4361 1707 4418 secundnm

921 4455 1058 4511 arbitrium
1072 4453 1220 4524 praepositae
1234 4453 1275 4507 vel
1287 4450 1444 4523 presbyteri,
1457 4451 1498 4506 vel
1510 4450 1589 4506 etiam
1603 4450 1708 4522 episcc-

921 4545 959 4615 pi,
977 4544 1084 4615 gravius
1105 4539 1270 4596 emendetur.

958 4633 1001 4689 ts.
1016 4632 1110 4687 Vestes
1132 4637 1235 4684 vestras
1256 4628 1283 4683 in
1306 4643 1360 4685 uno
1381 4629 1440 4684 loeo
1459 4629 1552 4685 babete
1564 4628 1577 4662 ⁸
1590 4629 1639 4685 sub
1652 4644 1706 4686 una

920 4721 1039 4789 custode,
1052 4720 1094 4775 ιιι
1109 4717 1222 4786 duabus,
1236 4717 1279 4772 vel
1297 4725 1362 4789 quot
1380 4717 1502 4772 suficere
1517 4718 1654 4787 potuerint
1671 4718 1706 4774 ad

920 4825 966 4866 cas
979 4808 1158 4873 excutiendas,
1174 4820 1235 4862 nea
1249 4807 1319 4861 tinea
1333 4805 1463 4861 laedantur
1476 4823 1483 4859 :
1497 4814 1525 4860 et
1536 4806 1603 4861 sicut
1618 4807 1705 4876 pasci·

921 4903 985 4956 mini
998 4916 1030 4956 er
1044 4916 1097 4954 uuo
1116 4900 1236 4963 cellario,
1251 4899 1290 4953 sic
1302 4896 1445 4952 induamini
1458 4911 1490 4952 ex
1505 4911 1557 4952 uno
1569 4897 1705 4954 vestiario.

922 4993 955 5047 llt
966 4992 988 5046 si
1000 4991 1057 5046 ileri
1070 4997 1165 5059 potest,
1179 5004 1232 5044 nort
1246 4973 1286 5043 ad
1295 5001 1342 5043 roe
1354 4980 1484 5058 pertineat
1497 4988 1559 5059 quid
1572 4988 1648 5044 vobis
1661 4989 1706 5044 io·

920 5081 1052 5137 eluendum
1067 5095 1114 5151 pro
1127 5079 1254 5151 temporis
1266 5079 1436 5150 congruentia
1446 5078 1604 5151 proteratur,
1617 5089 1704 5135 utrum

921 5172 970 5228 ltuc
982 5172 1090 5242 recipiat
1102 5184 1265 5241 vinaquuquc
1276 5180 1392 5226 vestrum
1407 5170 1476 5239 quod
1488 5169 1655 5239 deposuerat,
1668 5184 1704 5224 ιιιι

919 5262 991 5316 aliud
1013 5261 1082 5331 quod
1101 5262 1182 5316 altera
1204 5260 1340 5324 babuerat,
1363 5260 1426 5315 dum
1451 5267 1538 5314 tamen
1565 5260 1705 5330 unucuique

951 5395 960 5426 ¹
972 5392 1028 5442 md.
1039 5391 1154 5442 carebant
1170 5391 1210 5441 laic
1219 5392 1360 5462 negatione,
1370 5401 1426 5455 que
1437 5404 1470 5440 ex
1480 5397 1532 5441 uss
1544 5390 1689 5440 restituitur.

950 5457 1023 5503 ’uss
1037 5453 1135 5512 balvam,
1147 5457 1205 5522 tunq
1213 5452 1342 5503 umenti.

951 5515 961 5546 ⁸
974 5522 1025 5563 tusa.
1036 5526 1130 5574 οιιιιιιι,
1143 5511 1303 5575 decadum.

919 5574 1043 5686 homin
1055 5582 1107 5624 usu.
1119 5580 1148 5624 ut
1163 5574 1189 5622 iu
1207 5571 1364 5636 tegulaviris
1379 5579 1458 5633 aptata
1473 5569 1613 5634 terreamur
1630 5582 1703 5624 metat
