3906 6390
108 271 162 333 dib

147 388 171 442 i.
187 384 227 440 Ea
240 394 362 456 pmccpto
373 384 520 441 sanctitatis
533 392 581 438 taor
595 385 628 437 ati
640 385 783 456 episcopum
797 384 897 442 siluero-

109 477 176 528 biurn
194 477 368 546 perrrrintus,·
388 475 422 527 ad
443 492 516 546 qrrem
536 491 592 528 carn
614 473 710 528 litteras
730 473 897 532 Dratilttdinis

109 576 160 620 trite
170 569 345 636 perferremus,
362 567 443 637 primo
459 566 557 637 ntpcait
570 583 596 619 se
610 583 640 620 nc
653 566 733 620 eidem
746 567 895 638 lupercum,

108 656 205 713 Deinde
218 658 354 728 aiiqtrondo
370 673 400 712 tx
412 667 499 711 nostra
511 657 667 728 sappestione
680 669 826 723 consumtus,
839 674 895 714 cos·

105 748 163 799 deut
176 747 223 800 ribi
235 747 311 800 soluit
325 747 425 801 recitari
438 746 525 817 quibus
540 748 635 801 reiectis
653 747 687 800 ait
702 762 711 801 .·
726 765 736 798 t
755 745 816 802 Noa
832 738 892 818 pot‘·

104 852 160 892 soar
174 837 223 893 nisi
230 837 264 890 ad
276 838 590 908 merenientessurcipere,
603 848 627 891 ct
636 836 723 891 iisdem
736 837 811 906 ficiem
820 853 892 907 paon

104 927 285 995 postulaverint
303 927 373 982 dore.
392 946 402 980 r
420 927 484 981 Cum
498 938 581 982 orclem
598 928 697 982 atrabis
709 929 788 981 rident
801 928 896 982 direre-

103 1025 145 1069 trtr
156 1014 216 1087 quid
229 1017 260 1069 de
273 1020 340 1088 [aeto
358 1015 484 1071 Prirrrioni
498 1016 600 1080 diecret,
615 1017 677 1071 dixit
692 1033 719 1071 se
732 1034 812 1086 nuper
826 1017 895 1071 ortl-

103 1115 189 1158 natam
201 1106 280 1175 patris
291 1106 331 1160 sni
337 1106 450 1176 judicem
465 1122 580 1160 essenon
594 1122 676 1175 posse,
691 1105 735 1159 sed
746 1106 771 1160 in
783 1105 810 1158 id
827 1106 894 1177 parad

101 1212 118 1249 o
132 1194 256 1265 prioribus
272 1197 324 1251 sais
336 1197 459 1267 occeperit
474 1213 628 1266 perimantur.
647 1197 721 1261 Quod
735 1213 833 1251 necesse
845 1199 891 1252 im·

102 1285 199 1340 ierimus
211 1287 250 1340 itis
269 1287 357 1341 litteris
372 1286 507 1341 Sanctitati
520 1296 571 1340 tate
583 1286 736 1356 sipirifirore.
748 1285 890 1341 Deotitatii·

101 1393 158 1432 nern
167 1386 235 1432 tuom
248 1377 318 1432 uobis
331 1377 455 1432 Dominus
465 1378 599 1444 ctrslodiat,
614 1377 715 1431 doctrine
727 1386 808 1448 poter.

331 1490 496 1547 tPtStbtt
513 1488 593 1546 clltt
614 1487 662 1562 (a).

100 1581 159 1652 Aplt
171 1583 202 1635 tir
216 1597 266 1636 raon
278 1580 540 1654 iterandoDoptismo,
551 1597 689 1652 eoarpneur
701 1580 892 1636 Donatistarum

135 1674 261 1729 basiare
275 1675 457 1728 conlatataciom
467 1691 476 1739 ;
488 1675 581 1745 quippe
597 1675 639 1744 qni
653 1673 891 1728 llaairrtr'oncnsiurrt

134 1764 259 1834 baptistam
276 1774 359 1819 rotam
381 1764 530 1819 liobamunt.
548 1763 647 1817 it'cirtrit
665 1763 770 1817 subitatio
792 1761 890 1816 nullom

133 1870 176 1910 eos
185 1854 325 1910 scirisumlis
337 1854 427 1910 edentii
434 1856 530 1926 jaistom
543 1871 645 1908 cansam
658 1852 783 1908 babuisse.

160 1968 274 2023 Domino
284 1967 381 2023 dilecto
394 1965 467 2022 iratii
481 1966 624 2032 strennum,
640 1969 817 2022 Anonsrtsos.

132 2075 245 2134 CAPUT
254 2077 891 2141 nlilitum-t.ctracisstmmltlmct,transcant·

97 2166 137 2221 les
146 2166 205 2231 siri,
217 2180 276 2221 curn
287 2166 319 2221 ad
330 2175 400 2221 tuam
409 2167 620 2222 benevolentiam
633 2167 782 2221 attulissent
790 2167 890 2223 litteras

96 2255 890 2326 meas,quibusadmonnirogaviquete,uesabdiaoouumno

96 2358 180 2402 strum
189 2330 376 2417 rebaptizares,
387 2347 579 2417 rescripserunt
591 2346 655 2401 milri
669 2354 695 2402 te
707 2347 886 2418 respondisse,

100 2436 124 2490 Ν
125 2452 157 2490 ou
171 2452 274 2508 possam
285 2436 333 2489 nisi
348 2435 381 2488 ad
393 2451 433 2489 rrte
447 2435 569 2490 venialiter
580 2436 715 2504 suscipere,
727 2444 750 2489 et
763 2436 800 2490 eis
810 2435 887 2506 pidem

96 2544 170 2598 ptotn
185 2527 364 2597 postulaverint
378 2527 439 2581 dore
450 2543 459 2581 .·
472 2535 499 2582 ct
515 2538 602 2583 tamen
617 2528 639 2581 si
657 2526 689 2582 ad
704 2538 730 2583 tc
744 2527 847 2584 verterit
861 2529 887 2584 in

96 2628 182 2675 restra
201 2619 388 2675 commuuione
402 2619 559 2688 baptizatus,
580 2619 625 2688 qui
644 2618 689 2672 din
710 2620 822 2674 anobis
843 2635 886 2674 se·
924 2628 929 2637 ⁸

96 2717 202 2766 namtas
215 2708 274 2776 luit,
288 2716 316 2764 et
339 2724 385 2779 per
407 2709 581 2779 ignorantiam
602 2724 631 2765 se
653 2709 785 2779 putaverit
799 2709 887 2767 denuo

96 2801 292 2872 laptizanlum,
316 2801 394 2871 idque
421 2802 587 2871 poposcerit,
612 2816 673 2855 eum
696 2802 834 2871 quaesieris
860 2810 887 2858 ct

94 2893 249 2963 cognoveris
262 2892 307 2949 ubi
326 2891 404 2949 luerit
418 2893 576 2961 baptizatus,
599 2892 713 2962 suscipis
727 2892 834 2964 qnidam
849 2892 883 2949 ed

96 2995 123 3040 te
135 2984 294 3048 venientem,
306 2999 354 3039 nec
367 2991 452 3038 tamen
465 2983 489 3039 ei
504 2983 551 3038 das
566 2998 644 3053 qttam
662 2985 776 3053 postulat
794 2983 884 3050 idem,

94 3074 141 3133 scd
153 3075 233 3130 doces
247 3075 380 3130 bominem
395 3073 492 3128 babere
509 3073 579 3143 rptod
601 3074 674 3143 petit,
690 3089 740 3129 nec
752 3074 885 3130 verbaer-

94 3165 178 3220 motis
205 3163 336 3230 attettdis,
363 3163 411 3220 sed
439 3163 553 3218 studium
581 3163 691 3218 adhibes
718 3164 884 3234 corrigentis.

93 3255 161 3312 biale
187 3269 250 3324 crgo
274 3252 381 3310 dantem
405 3253 477 3323 quud
495 3253 550 3323 jam
574 3251 691 3307 dalidam
710 3268 763 3309 non
785 3263 836 3322 ost,
858 3263 886 3310 et

93 3345 294 3401 Sacramentum
319 3344 390 3415 qtrod
415 3343 506 3399 datam
527 3352 568 3398 cst
592 3343 737 3399 violantem
758 3358 822 3399 snus
843 3361 884 3401 er·

94 3449 141 3489 ror
152 3444 267 3499 accusat,
282 3449 335 3489 non
349 3433 462 3503 petentis
476 3434 485 3466 ¹
500 3442 618 3489 excusat.
644 3433 693 3488 Dic
704 3435 791 3504 itaque
804 3426 884 3503 ntibi,

93 3526 206 3580 obsecro
229 3534 269 3591 te,
292 3522 425 3593 quomodo
451 3537 503 3577 uon
536 3521 633 3576 babeat
659 3522 704 3592 qui
728 3522 819 3592 petiuit
838 3523 886 3579 abs

94 3623 132 3681 te,
146 3614 283 3685 quodiam
300 3621 438 3683 acceperat
454 3629 500 3683 per
521 3611 581 3668 me?
598 3612 625 3668 Si
642 3620 752 3682 propter
769 3613 884 3669 alienam

94 3722 200 3778 squam,
223 3714 250 3762 et
267 3706 382 3761 alienum
401 3705 512 3770 iontorn,
534 3703 604 3773 quod
621 3704 708 3759 solent
730 3703 819 3759 dicere
840 3706 885 3775 qai

94 3810 148 3852 non
167 3796 325 3866 intelligunt,
350 3795 411 3866 quia
436 3795 633 3864 scriptumest,
657 3792 694 3849 Ab
714 3810 780 3864 apua
802 3795 886 3850 alium

94 3888 190 3942 ttbstine
203 3897 237 3955 le,
249 3898 273 3941 et
286 3886 318 3942 de
332 3889 401 3959 sonte
413 3887 496 3940 aliano
515 3902 546 3940 rm
564 3884 653 3939 biberis
667 3882 721 3957 (ως
735 3884 885 3942 Felicianut

94 3979 200 4050 ornando
212 3990 349 4051 separatus
360 3989 424 4035 esta
439 3980 515 4034 vobis
525 3979 549 4032 in
562 3989 638 4050 parte
648 3978 808 4045 blaximiani,
821 3980 886 4034 reri-

94 4072 153 4125 tatis
166 4071 275 4137 adulter,
290 4080 378 4125 cotum
390 4071 527 4142 soeriiepii,
544 4071 612 4125 sieut
624 4071 729 4126 concilii
744 4072 824 4127 vostri
846 4070 882 4145 (a)

94 4163 176 4218 rerba
190 4163 317 4228 iudicant,
333 4163 497 4219 tranebatur.
513 4161 541 4217 Si
554 4177 644 4218 seeum
657 4163 804 4218 abstulerat
823 4162 884 4220 ion·

96 4253 372 4324 emmeramensis
396 4262 453 4308 erat
478 4252 535 4308 ions
559 4253 584 4307 iu
607 4268 671 4324 quo,
684 4253 731 4308 iiio
750 4265 882 4325 separato,

92 4352 196 4401 testeos
208 4344 365 4414 baptizatis?
378 4344 463 4399 Simul
473 4344 543 4398 enim
559 4360 629 4399 urrnc
645 4346 885 4416 vestercpiseopns

94 4432 239 4489 sodoleum
254 4434 387 4489 Princiano
400 4450 416 4489 a
431 4449 459 4488 se
476 4433 601 4488 damnato
614 4443 640 4489 et
655 4432 810 4490 damnatore
822 4449 881 4491 sua.

111 4521 155 4577 ·2.
169 4521 222 4579 Set
241 4524 309 4580 sicul
327 4523 392 4579 mibi
410 4523 465 4580 suis
479 4522 573 4578 litteris
587 4523 681 4594 (Epist.
698 4522 760 4595 tol)
777 4524 882 4580 iutima-

91 4622 154 4669 ruut
166 4615 260 4680 nostri,
274 4616 323 4687 qui
340 4616 366 4671 in
382 4615 431 4670 bac
444 4629 523 4670 eausa
539 4623 566 4669 te
578 4615 711 4679 viderunt.
731 4631 791 4671 cum
808 4632 882 4688 qnate-

91 4716 183 4762 rercnt
194 4707 256 4776 qaid
269 4707 332 4763 binc
343 4708 454 4771 diceres,
467 4706 627 4776 respondisti
643 4716 668 4762 te
684 4723 767 4776 nuper
779 4708 883 4764 ordina·

91 4807 148 4854 tum
159 4796 208 4871 (tl),
221 4798 348 4855 laetorum
362 4797 444 4869 patris
456 4796 495 4853 tui
509 4797 625 4868 judicem
640 4811 700 4852 esse
718 4812 770 4852 non
792 4813 880 4868 posse,

122 4933 130 4964 ¹
143 4938 209 4993 tom,
220 4931 328 4996 paenas.

121 5014 158 5076 (a)
172 5013 233 5065 allas
246 5013 309 5066 bell:
327 5025 384 5077 qun
401 5019 484 5065 antona
502 5012 546 5064 tot
563 5018 625 5074 erat,
643 5025 707 5063 nnnc
722 5011 776 5063 bes.
792 5015 882 5079 scripta

90 5075 161 5139 paulo
170 5077 391 5138 pensupertorcm.
469 5106 472 5113 a

103 5135 158 5208 Ab)
167 5136 456 5208 lmtstrabaecqtnerasln
464 5133 563 5198 talpam
580 5148 586 5184 :
605 5134 649 5208 sed
666 5134 728 5197 apud
744 5149 792 5209 nsx
810 5149 882 5199 repe·

89 5209 149 5257 tres,
159 5205 226 5270 brot.
235 5213 271 5259 m,
282 5197 320 5259 tlt,
345 5211 383 5272 nae
391 5197 490 5262 quadem
502 5197 630 5269 sternebas
637 5209 662 5247 tn
671 5209 699 5245 re
708 5198 818 5258 baptismi
827 5207 881 5272 post

89 5259 320 5380 {asiesrevtffisnpeepffgg
328 5259 479 5386 areffirliauucota
487 5255 609 5308 stmtoltna
618 5269 666 5308 non
683 5257 881 5311 mmoanonaa·

390 5344 395 5368 i
466 5355 472 5369 ι

120 5380 160 5504 ild
169 5389 312 5493 nagfflm
329 5442 502 5492 nonatismnam
518 5441 616 5504 apudlti
644 5451 721 5489 onem
742 5441 880 5514 episcopum

700 270 941 332 EPISTULARUM
960 274 1095 336 tttssts
1113 277 1146 334 li.

1690 284 1749 343 tes

950 389 1037 444 sedin
1053 405 1085 445 eo
1095 389 1164 461 quod
1180 391 1337 460 aptioribus
1353 392 1405 449 tuis
1415 394 1561 464 acceperis,
1571 409 1746 465 permanere.-

951 479 1017 533 lliuc
1029 493 1093 534 sane
1106 479 1176 534 dolui
1186 481 1371 535 necessitatem
1384 492 1533 549 tuam,eum
1543 495 1568 538 te
1578 484 1739 550 existimem,

950 568 1116 634 sicutaudio,
1136 569 1212 623 boum
1235 570 1328 625 indolis
1345 571 1479 640 jamcuem.
1494 573 1561 642 Quid
1581 575 1652 629 cuim
1666 582 1692 631 tc
1707 577 1741 631 ad

950 656 1017 712 banc
1029 658 1238 727 responsionem,
1258 658 1310 714 uisi
1330 661 1405 714 amin
1420 676 1506 716 causta
1528 663 1672 719 necesitas
1692 679 1741 720 oo·

949 746 1006 814 pit?
1019 745 1071 801 Sed
1084 747 1105 801 si
1127 747 1258 814 attendas,
1278 746 1314 803 mi
1337 747 1427 818 irater,
1449 751 1470 806 si
1493 761 1564 809 reete
1581 754 1691 824 cogites,
1712 752 1741 813 ¹si

950 835 1032 890 ocem
1048 836 1152 902 timeas,
1175 837 1201 891 iu
1216 837 1283 893 mala
1300 839 1308 870 ¹
1324 853 1402 895 causa
1417 855 1587 911 perseverare
1607 845 1676 900 trulla
1690 861 1739 902 nc·

947 926 1057 981 cessitas
1070 926 1150 996 cogit.
1169 926 1231 981 liae
1244 925 1315 983 enim
1329 929 1467 999 responsio
1481 939 1524 986 tua
1546 947 1601 988 non
1613 937 1739 1004 qttaestio·

948 1030 1008 1069 uem
1021 1015 1067 1071 tibi
1081 1030 1097 1072 a
1112 1031 1154 1073 me
1164 1018 1326 1088 propositam
1338 1018 1486 1085 salninsed
1497 1035 1604 1077 causam
1619 1035 1737 1080 nostram

946 1103 980 1157 ab
992 1105 1064 1159 omni
1083 1105 1212 1161 calumnia
1230 1116 1324 1163 restrae
1338 1109 1498 1165 causationis
1518 1111 1640 1168 absoluit.
1666 1115 1743 1179 Dicis,

946 1198 1016 1248 culm
1034 1205 1059 1249 te
1072 1211 1157 1265 nuper
1172 1197 1320 1252 ordinatum
1335 1198 1462 1253 laetorum
1475 1201 1556 1269 patris
1572 1204 1607 1258 tui
1619 1203 1735 1272 judicem

946 1299 1005 1340 csse
1017 1300 1069 1341 nou
1085 1301 1172 1354 posse,
1187 1287 1233 1343 sed
1252 1289 1277 1341 in
1291 1303 1323 1343 eo
1333 1286 1403 1358 qrtod
1419 1306 1434 1343 n
1449 1289 1582 1360 prioribus
1593 1294 1648 1349 tuis
1659 1309 1735 1350 acco·

946 1376 1016 1446 peris
1039 1392 1203 1446 permanere.
1218 1377 1273 1434 Cur
1295 1395 1359 1450 erpo
1375 1395 1427 1436 non
1451 1383 1538 1451 potius
1558 1384 1585 1438 iu
1604 1383 1734 1451 Ecclesia,

945 1482 1024 1536 quam
1036 1467 1171 1539 Scriptura
1186 1476 1253 1526 leste
1268 1455 1435 1541 incipientem
1458 1472 1491 1528 ab
1514 1473 1670 1542 ierusalem,
1691 1485 1734 1532 at-

944 1578 995 1632 qne
1007 1578 1055 1632 per
1073 1577 1165 1618 omncs
1179 1574 1271 1635 gentes
1292 1565 1491 1623 sructiilcantem
1511 1578 1591 1641 atque
1609 1586 1733 1627 crescon·

945 1661 997 1708 tem
1013 1653 1079 1725 (Act.
1096 1671 1119 1724 ι,
1132 1654 1161 1727 8)
1177 1671 1192 1709 a
1212 1657 1324 1712 Domino
1335 1657 1443 1714 Christo
1464 1676 1511 1731 per
1525 1661 1667 1732 Apostolos
1686 1678 1733 1720 ac·

943 1746 1071 1814 cepimus,
1093 1761 1295 1815 pcrrnancmus3
1316 1747 1390 1805 etde
1405 1750 1481 1806 iactis
1505 1753 1595 1807 nescio
1620 1768 1731 1822 quornm

944 1844 1057 1906 patrum,
1070 1854 1128 1908 qum
1140 1847 1200 1893 aute
1213 1854 1280 1909 pene
1293 1850 1399 1895 centnm
1410 1856 1494 1897 attnos
1506 1842 1621 1898 admissa
1636 1843 1735 1907 dicun-⁴

944 1936 995 1993 tur,
1012 1929 1265 2000 niodojcntlcannurt
1279 1931 1305 1988 Si
1320 1932 1390 1987 enim
1403 1941 1429 1986 tu
1445 1932 1478 1989 de
1492 1943 1566 2003 patre
1582 1934 1732 1995 tuo.adltnc

943 2019 968 2073 in
983 2018 1032 2074 lano
1045 2020 1095 2074 rita
1108 2021 1261 2086 corastituto,
1274 2037 1325 2077 aron
1340 2022 1422 2079 andes
1440 2023 1571 2094 judicare,
1587 2041 1665 2094 prtem
1681 2043 1735 2098 pls-c

943 2118 982 2166 tes
1006 2112 1185 2182 interrogem
1208 2112 1272 2167 mibi
1293 2128 1375 2183 qnare
1398 2111 1495 2168 dicitnr
1509 2122 1538 2169 ut
1559 2114 1675 2184 judicem
1697 2113 1731 2173 da

942 2209 1047 2257 mortuo
1067 2203 1145 2274 leupo
1160 2212 1300 2274 antequam
1323 2213 1400 2258 natus
1422 2205 1500 2259 sumi
1513 2212 1540 2260 et
1558 2205 1736 2275 ¹cltristianis¹

942 2293 1063 2362 pentibus
1074 2309 1157 2364 quare
1173 2293 1268 2349 dicitur
1280 2301 1309 2348 at
1322 2294 1442 2365 judicent
1456 2294 1489 2349 de
1508 2293 1583 2350 laetis
1605 2295 1730 2351 Afrorum

941 2385 1097 2439 traditorum
1108 2394 1169 2441 urite
1183 2393 1222 2440 tot
1231 2399 1315 2440 anuos
1328 2393 1502 2448 mortuorum,
1517 2401 1583 2456 qrtos
1594 2401 1643 2441 uec
1656 2386 1730 2442 siros

943 2483 979 2530 tot
991 2474 1127 2529 eluistisni
1141 2475 1184 2545 (μή
1199 2485 1261 2529 turm
1271 2475 1402 2540 ricelmut,
1418 2475 1533 2531 intruis
1547 2476 1731 2532 remotissimis

940 2565 1074 2620 constituti
1089 2565 1182 2622 atalirc
1199 2567 1329 2622 actitasse
1344 2567 1564 2636 potuerunt?Qni
1578 2576 1732 2642 ruanenlotu

940 2666 1031 2710 notum
1044 2671 1097 2710 nort
1110 2657 1191 2712 audes
1204 2653 1323 2728 judicare
1338 2657 1511 2723 Pritrrianum,
1523 2674 1571 2713 cur
1583 2657 1646 2712 mibi
1660 2660 1728 2714 atati·

939 2763 1019 2818 quum
1038 2757 1065 2804 et
1083 2749 1199 2820 ignotum
1215 2749 1386 2820 judicandum
1408 2750 1448 2804 vis
1463 2751 1598 2819 imponere
1611 2750 1730 2806 Caeliis·

939 2839 1022 2893 nuru?
1034 2838 1061 2895 sl
1075 2848 1162 2909 patres
1177 2848 1238 2894 tuos
1252 2856 1304 2894 uon
1318 2839 1422 2909 judicas
1435 2840 1467 2896 de
1481 2839 1555 2896 iactis
1567 2840 1631 2909 suis,
1647 2855 1736 2912 quare.

938 2929 1033 2985 iratres
1046 2939 1105 2985 ticos
1118 2930 1221 3002 judicas
1236 2931 1269 2986 de
1283 2929 1357 2989 lactis
1369 2931 1481 2988 alienis?

973 3025 999 3080 3.
1019 3024 1060 3079 Au
1076 3023 1142 3079 iorte
1154 3025 1250 3080 iratres
1264 3039 1312 3078 nos
1323 3024 1423 3094 negas?
1435 3022 1486 3079 Sed
1499 3025 1592 3080 mellus
1603 3024 1727 3080 audimus

938 3122 1058 3170 sanctum
1072 3114 1199 3185 Spiritum
1215 3130 1264 3185 pcr
1278 3113 1434 3184 prophetam
1449 3113 1658 3184 precipientem,
1671 3115 1728 3170 Aa·

938 3208 988 3260 dite
1001 3207 1044 3277 qui
1058 3211 1151 3278 paretis
1169 3205 1268 3260 perdatur
1281 3205 1407 3259 Domini:
1423 3204 1512 3267 dicite,
1530 3203 1633 3259 Fratres
1649 3206 1728 3260 nostri

938 3299 1011 3360 estis,
1026 3297 1065 3350 iris
1077 3297 1119 3368 pati
1133 3295 1291 3349 eosodertmt
1305 3295 1384 3364 etqui
1401 3309 1443 3348 ros
1457 3294 1621 3359 detestantur,
1638 3303 1665 3347 nt
1683 3310 1728 3348 no·

938 3403 994 3441 nrm
1007 3385 1108 3441 Domini
1116 3387 1459 3455 honorificetur,etapparant
1468 3384 1550 3438 illisio
1556 3386 1725 3455 jucunditate,

938 3478 987 3547 ipsi
999 3487 1081 3532 mrtem
1094 3478 1237 3531 erttbcsraut
1259 3474 1336 3547 (isai.
1352 3491 1423 3539 txtt,
1436 3475 1462 3540 5,
1475 3475 1610 3529 secandum
1625 3476 1694 3531 ttttt
1703 3475 1724 3549 ).

938 3571 1039 3626 Rorera
1057 3569 1127 3625 carim
1149 3569 1171 3624 si
1194 3566 1344 3622 bominibus
1357 3582 1454 3621 ttotuen
1470 3567 1571 3620 Domini
1584 3567 1727 3636 jucundius

938 3669 1019 3726 esset,
1031 3674 1108 3730 quam
1123 3658 1228 3712 ttotuiua
1239 3656 1387 3722 bominum,
1401 3654 1527 3726 numquid
1538 3655 1660 3710 Cluistus
1672 3657 1728 3712 ela·

937 3765 1023 3814 tnans,
1041 3749 1133 3804 Parent
1143 3765 1224 3802 rrtrant
1238 3747 1270 3801 do
1284 3746 1352 3801 uobis
1370 3745 1466 3820 (loon.
1480 3762 1537 3813 xlv,
1547 3745 1613 3821 2¹1),
1624 3746 1727 3804 divide·

937 3851 1011 3897 retur
1024 3841 1050 3896 iu
1064 3840 1190 3896 membris
1202 3841 1258 3894 suis
1271 3854 1318 3909 per
1329 3839 1429 3909 eosqui
1444 3839 1545 3905 dicunt,
1561 3839 1616 3911 Epo
1626 3838 1726 3910 quidem

936 3950 992 3988 suan
1005 3931 1093 4000 Pauli,
1104 3948 1149 4004 epo
1163 3942 1246 3985 autem
1258 3930 1359 4002 Apollo,
1374 3946 1419 4002 epo
1435 3945 1493 3984 otto
1509 3929 1602 4000 Capite
1628 3929 1650 4001 (l
1662 3929 1722 3986 Cor.

938 4039 976 4089 tn,
990 4023 1017 4096 l)
1045 4030 1072 4078 et
1086 4037 1132 4092 per
1142 4023 1277 4076 leontinum
1288 4021 1398 4075 nomina
1409 4020 1588 4076 dilaniantur?
1600 4022 1725 4092 trumqrrirl

936 4113 1057 4169 Christus
1075 4113 1259 4168 cxscntttacemr
1276 4113 1302 4167 in
1323 4112 1453 4182 baptismo
1471 4126 1536 4173 suo,
1551 4111 1583 4166 dc
1598 4126 1651 4181 atto
1664 4110 1726 4165 'di-

936 4215 1007 4261 ctum
1024 4212 1082 4271 cst,
1098 4203 1147 4258 ltte
1160 4213 1197 4258 est
1210 4204 1253 4275 qrti
1264 4203 1373 4275 baptizat
1397 4201 1491 4276 (ioan.
1507 4219 1533 4266 t,
1550 4201 1613 4272 53),
1628 4201 1726 4273 dequo

936 4296 1096 4363 dictumest,
1111 4292 1223 4350 Cinisttrs
1238 4295 1325 4349 dilexit
1338 4293 1478 4347 Ecclesiam
1491 4309 1574 4361 suant,
1589 4300 1612 4347 ct
1621 4292 1726 4346 tradidit

935 4387 1045 4458 seipsum
1058 4401 1103 4457 pro
1118 4401 1158 4450 ea,
1169 4395 1195 4439 at
1209 4402 1265 4458 earn
1277 4384 1454 4454 sanctificaret,
1471 4383 1595 4437 mundans
1612 4399 1667 4437 earn
1686 4384 1726 4439 io-

936 4492 1011 4531 oocro
1027 4489 1102 4546 oqttoe
1111 4475 1136 4529 in
1150 4475 1223 4530 aerbo
1247 4473 1326 4548 (Epir.
1338 4490 1365 4538 r,
1376 4474 1423 4541 ts,
1438 4472 1506 4546 batt
1520 4473 1647 4544 numquid
1662 4487 1725 4545 erpo

935 4569 962 4624 in
981 4568 1039 4639 ipso
1054 4583 1102 4623 suo
1122 4568 1226 4623 lavacro
1241 4565 1437 4631 exsufflaretur,
1459 4565 1481 4620 si
1501 4581 1597 4621 nomen
1620 4565 1725 4620 Domini

934 4658 1164 4730 essctjueundius,
1184 4659 1261 4729 cujus
1282 4668 1322 4714 est
1338 4659 1395 4729 ipse
1412 4657 1567 4726 baptismus,
1583 4672 1663 4728 quam
1675 4671 1724 4712 no·

934 4768 996 4808 men
1010 4751 1164 4816 bominum,
1179 4750 1213 4806 de
1227 4749 1323 4821 quibus
1336 4749 1423 4805 dicitis
1439 4764 1446 4802 :
1460 4747 1586 4804 Sanctum
1599 4755 1640 4804 est
1653 4747 1724 4818 qttod

935 4843 978 4896 ille
990 4842 1045 4907 dat,
1062 4856 1113 4896 uon
1128 4840 1199 4911 qttod
1213 4838 1279 4895 illel

968 4930 1082 4989 CAPUT
1100 4932 1209 4987 lt-t.
1225 4930 1259 4986 tte
1278 4940 1364 4985 tamen
1382 4928 1491 4999 collega
1511 4929 1548 4984 tui
1571 4929 1614 4983 ubi
1633 4929 1724 4985 volare·

935 5029 1005 5090 tutat,
1017 5022 1154 5077 veritatem
1173 5021 1260 5091 potius
1272 5018 1452 5081 attenderunt,
1464 5026 1491 5073 ct
1506 5035 1559 5072 non
1572 5018 1658 5072 solum
1674 5017 1723 5073 ba·

934 5115 1060 5183 ptismum
1072 5127 1151 5183 qtrcm
1167 5111 1314 5166 l‘rirnianus
1325 5110 1349 5165 in
1362 5117 1449 5164 restra
1462 5109 1659 5175 communione,
1675 5105 1723 5167 scd

934 5213 961 5260 et
973 5218 1052 5274 quem
1063 5202 1137 5260 dedit
1148 5200 1299 5259 Felicianus
1311 5202 1337 5258 in
1349 5199 1499 5257 Maximiani
1512 5201 1641 5272 sacrilego
1651 5200 1722 5256 seiri·

934 5306 1028 5362 smate,
1045 5305 1152 5368 propter
1163 5295 1271 5352 honoris
1281 5292 1384 5350 Domini
1396 5291 1585 5362 jucunditatem
1599 5302 1721 5351 saccetum

934 5403 993 5445 esse
1007 5399 1167 5455 senserunt;
1180 5395 1207 5443 et
1216 5385 1408 5449 characterem,
1420 5397 1473 5438 aron
1482 5382 1567 5439 solnm
1577 5397 1656 5455 quem
1666 5385 1722 5455 ipsa

89 5501 279 5564 iuisse‚cumex
290 5501 513 5564 monstrauimus
524 5509 617 5551 extare
634 5501 743 5564 aginensi
752 5500 881 5554 collatione
938 5518 941 5522 ·

89 5570 199 5614 constat:
211 5564 345 5615 ordinatum
356 5564 502 5614 hauddubie
522 5564 546 5613 iu
565 5563 642 5614 locum
659 5561 821 5622 incautelam,
839 5567 880 5628 oui

89 5625 281 5688 postmnoillnnn
297 5625 484 5688 carthaginense
500 5625 542 5675 dio
558 5624 589 5675 bt
605 5636 661 5688 aug.
671 5623 717 5674 tlte
731 5623 881 5679 celebratam

89 5685 168 5738 adbuc
175 5691 301 5752 superstes
309 5693 361 5739 erat
369 5720 376 5750 ,
385 5686 421 5738 uti
430 5685 573 5752 ntettntmr
584 5698 616 5738 et
626 5687 697 5750 epist.
706 5684 745 5750 8⁸,
757 5699 781 5736 n.
793 5686 817 5737 8.

964 5564 973 5596 ¹
986 5569 1051 5620 lov..
1063 5557 1137 5611 nailo.

963 5627 974 5657 ¹
985 5631 1050 5684 loe,
1059 5634 1110 5672 nec.

964 5686 974 5718 ⁸
987 5693 1041 5737 tor.
1053 5683 1121 5734 omit.
1134 5679 1163 5732 de
1175 5693 1229 5747 pao.
