3906 6390
187 280 265 345 roan
785 275 1177 339 snuaotnnunemssrs
1196 277 1238 337 ttt.
1753 297 1822 355 ,002

184 396 218 448 ap
232 390 429 448 maurecenorum
441 399 630 448 sacromnctum
645 390 743 465 metatis
756 400 841 458 pectus
856 389 974 461 appello:
1068 390 1094 445 5.
1116 389 1171 446 lice
1189 391 1249 450 idco
1264 395 1393 452 insinuavi
1406 397 1544 457 sanctiani
1564 412 1631 472 tua,
1647 414 1676 461 ut
1691 418 1810 479 nuantan

184 485 343 556 mumma.
353 484 485 553 ,appetam
498 483 646 554 pecorinis,
661 482 818 537 rettuderam
831 481 976 552 rectrsprio-
1031 480 1076 533 tibi
1092 479 1252 538 desiderium
1268 494 1309 542 cst
1322 489 1443 545 sumendi
1468 493 1538 563 quod
1560 497 1664 565 poscis,
1681 508 1754 555 tauto
1769 500 1804 558 da
1816 512 1829 559 ·.

184 580 219 632 ,5³
234 555 358 648 epistota,
373 594 464 648 panem
475 577 576 647 dieunt,
591 592 664 646 quem
677 586 763 630 nostra
776 575 903 645 proeirnia
913 574 975 629 sciet
1028 572 1148 640 grannius
1161 590 1175 628 a
1196 574 1309 633 Domino
1321 578 1386 635 milti
1400 596 1494 652 poscas
1506 584 1677 656 adjutorium,
1691 604 1744 662 quo
1758 606 1803 648 ser

184 670 452 740 pasmpmr'prmm,
468 667 559 722 caelesti
571 669 648 723 etiam
660 683 753 721 manna
767 665 905 727 conditum,
919 679 975 719 scra
1029 661 1097 719 viam
1108 664 1233 721 laudabili
1244 669 1333 725 studio
1345 679 1400 742 tuo,
1411 681 1490 746 atque
1500 677 1606 733 utilitati
1616 695 1709 737 corum
1719 683 1818 754 naribus

185 760 309 828 patranti,
321 770 344 814 et
358 765 450 830 [antem
467 759 573 830 patienti
585 774 635 812 non
649 758 765 829 deneaes.
781 755 900 829 Profecto
908 757 976 811 enim
1028 753 1053 807 ld
1069 754 1205 813 existimas
1226 759 1407 830 profuturum,
1421 765 1529 824 domine
1549 769 1688 827 sinceriter
1699 773 1819 833 dilectis·

185 868 230 906 ,κς
243 868 289 923 ‘9⁰
308 853 411 923 palme
423 850 540 914 emate,
555 850 634 903 detrec
646 850 700 918 ipse
713 847 853 911 coemam:
866 856 894 901 ut
907 847 975 921 nand
1027 843 1094 901 sime
1109 845 1199 905 irater.
1221 848 1388 908 Commendo
1410 855 1507 911 itcrrtm
1531 859 1690 928 perlatorem
1703 905 1711 930 ,
1726 874 1754 920 et
1768 879 1818 924 ne·

184 957 234 995 nan
244 941 361 1012 impetrat
373 939 542 1012 priuilegium,
554 939 595 994 ati
610 939 708 993 nulium
721 945 757 992 esi
771 935 884 995 iserdum
894 936 974 1002 'ml-

184 1041 233 1086 tem
247 1031 372 1102 indefessa
385 1030 560 1100 importunitati
574 1039 707 1083 mereatur.

392 1119 557 1177 uuisioni
575 1118 701 1175 ccxxtti
717 1120 765 1190 (a).

182 1218 338 1290 Augustinus
351 1215 535 1282 Quodvultdcn,
547 1214 674 1285 spondens
688 1229 715 1269 sc
726 1213 757 1268 de
768 1210 902 1268 immin
911 1211 974 1266 reri·

217 1317 334 1378 murram,
357 1309 417 1361 durat
439 1323 483 1374 per
503 1306 567 1360 aias
588 1305 762 1375 occupationes
783 1303 874 1358 iicebit.
896 1302 974 1358 Nunc

216 1399 283 1452 enim
292 1397 421 1469 abdippio
435 1414 463 1450 sc
475 1395 561 1467 urgeri
573 1395 643 1461 dicit,
653 1404 680 1448 ut
690 1390 892 1466 posterioribus}
894 1392 973 1448 ulioeti

215 1491 285 1544 lilerio
296 1490 456 1559 respondent.

180 1580 293 1636 Domino
306 1580 446 1635 sinceriter
463 1578 656 1643 diiectissimo,
674 1576 749 1632 iratri
762 1583 787 1632 et
807 1576 972 1633 condiacono

213 1671 432 1738 Quoorutrneo,
447 1673 613 1726 Accusamus
623 1669 773 1739 episcopus.

214 1761 240 1814 i.
261 1759 327 1816 Cum
342 1761 405 1814 milri
427 1759 484 1815 inca
500 1758 634 1814 scribendi
649 1758 790 1815 oiierrctnr
804 1758 909 1814 occasio
922 1774 971 1829 per

182 1846 367 1904 Fussalensem
380 1850 574 1920 presbytemm,
587 1862 667 1919 quem
677 1847 836 1905 commendo
847 1848 970 1906 charitati

179 1948 240 2004 tram,
256 1941 379 1995 reserasni
394 1940 534 2009 epistolam
550 1948 632 2006 tuam,
644 1940 670 1994 in
683 1955 733 2010 qua
747 1940 818 2010 petis
830 1949 858 1994 nt
869 1939 903 1996 de
915 1939 970 1996 ltm-

178 2028 281 2084 resibus
296 2045 356 2099 nrm
374 2030 437 2084 oriri
457 2038 600 2099 potuerunt
616 2044 648 2086 es
663 2045 716 2101 qno
731 2029 836 2086 Domini
850 2030 876 2085 in
888 2043 970 2088 carne

178 2120 293 2174 nuntiari
321 2121 403 2189 caepit
429 2120 577 2188 adventus,
604 2120 703 2191 ailquid
729 2121 886 2178 scriberent.
913 2123 969 2180 llos

176 2220 265 2267 autern
277 2213 336 2280 ieci,
347 2225 374 2270 ut
383 2214 501 2271 viderem
510 2225 600 2270 utrum
606 2214 661 2286 jam
671 2215 797 2273 deberem
805 2231 872 2288 opus
882 2219 968 2288 ipsum

121 2354 123 2358 .
177 2301 295 2370 aggredi,
309 2311 338 2358 et
350 2303 411 2358 indo
425 2304 472 2358 tibi
484 2304 581 2374 aliquid
594 2305 714 2371 milicem
730 2307 775 2362 ubi
784 2307 968 2366 considerares

177 2398 250 2445 tanto
269 2407 330 2448 esse
349 2391 498 2459 diiiaiiius,
516 2404 616 2467 querno
630 2397 671 2450 ris
688 2396 758 2453 elbai
777 2397 894 2454 brevius.
914 2398 967 2459 Sed

176 2497 211 2537 uc
226 2482 276 2539 une
290 2484 398 2555 nubem
413 2487 503 2557 potui,
520 2487 616 2543 talibus
630 2489 702 2544 curis
719 2491 968 2560 supervenientibus

175 2574 329 2645 impeditus,
341 2590 355 2632 a
366 2577 463 2646 genibus
473 2579 584 2632 omnino
598 2578 768 2636 dissimulare
778 2595 832 2637 uon
843 2595 965 2652 possem:

175 2681 237 2721 nam
250 2680 294 2722 me
305 2674 334 2722 ct
346 2667 380 2722 ab
392 2680 427 2722 eo
439 2667 510 2738 quod
529 2667 658 2725 babebam
672 2670 700 2724 in
714 2671 850 2739 minibus,
863 2679 968 2730 sacrm

173 2765 246 2812 runi.

208 2845 237 2902 Ξ.
259 2846 315 2902 iloc
333 2855 422 2903 sutem
443 2855 504 2915 est,
519 2848 565 2903 ubi
588 2849 739 2920 respondeo
758 2851 832 2908 libris
849 2850 964 2921 iuliani,
984 2886 986 2891 ·

171 2951 239 3008 qrtcs
254 2944 317 2992 octo
334 2937 419 2992 edidit
439 2946 500 3008 post
520 2937 580 2994 illos
597 2947 712 3009 matum
729 2941 827 3012 quibus
843 2952 907 3000 ante
919 2959 965 3001 rc-

145 3048 150 3058 *
171 3028 278 3101 spondi.
294 3028 348 3084 llos
362 3030 434 3085 enirn
448 3044 509 3085 cum
527 3028 620 3085 Romu
640 3032 788 3102 accepisset
801 3034 883 3091 irater
897 3037 964 3108 illy-

171 3120 252 3189 pius,
274 3120 392 3175 mandram
417 3135 512 3176 omrrcs
538 3121 739 3193 descripserat,
762 3136 823 3179 cum
846 3125 964 3184 oblatam

171 3211 340 3265 occasionem
356 3211 441 3266 noluit
453 3213 600 3280 praeterire,
616 3227 664 3282 per
675 3224 754 3283 quam
769 3214 834 3269 mibi
847 3218 965 3288 quinque

171 3299 339 3365 transmisit3
355 3301 513 3368 promittens
526 3301 593 3355 slics
608 3308 662 3356 tres
676 3303 731 3356 cito
743 3317 773 3357 so
790 3318 851 3359 osso
864 3306 964 3362 missa·

171 3406 250 3455 rain,
270 3397 299 3446 et
319 3391 431 3445 muttum
453 3391 555 3446 instans
576 3407 611 3448 ue
632 3393 795 3464 respondere
815 3395 962 3455 differrem.

170 3482 254 3550 Cuius
272 3481 399 3537 instantia
420 3489 530 3538 coactam
550 3497 610 3538 sum
632 3485 773 3542 remissius
792 3503 872 3558 agere
892 3491 963 3561 qnod

168 3572 279 3642 agebam
293 3572 319 3638 ’ς
336 3581 365 3628 ut
378 3574 452 3643 uperi
466 3573 572 3644 utrique
586 3589 638 3631 non
653 3576 785 3645 deessem,
799 3581 845 3635 urai
858 3580 961 3652 dicbm,

168 3661 245 3715 atteri
266 3661 406 3730 noctibus,
421 3662 529 3734 qnando
546 3664 612 3721 mibi
626 3665 661 3720 ab
674 3667 733 3722 aliis
745 3671 963 3742 occupationibus

168 3749 231 3807 bine
243 3760 324 3823 atque
337 3750 400 3808 irinc
414 3754 504 3810 renim
518 3769 572 3812 non
588 3755 781 3816 desistentibus
796 3771 960 3832 parceretur.

168 3841 287 3912 egebam
300 3857 366 3898 aero
380 3857 437 3900 rem
459 3844 601 3914 plurimum
623 3848 800 3906 amassariam
816 3868 824 3905 ε
840 3867 902 3908 nam
914 3868 962 3911 re-

167 3933 315 3988 tractabam
328 3934 454 4003 opuscnia
476 3949 550 4002 mem
569 3937 631 3993 etsi
644 3937 708 4010 quid
722 3939 749 3996 in
766 3941 806 3998 eis
818 3957 862 3999 mo
874 3943 961 4001 otien-

167 4025 259 4092 deret,
274 4024 319 4081 rel
337 4025 405 4082 aiios
426 4025 563 4084 offendere
581 4032 796 4102 possempossim
815 4035 961 4106 repreben-

166 4117 265 4185 dcndc‚
277 4118 373 4188 partim
382 4118 550 4176 defendendo
560 4121 630 4193 quod
641 4122 691 4195 legi
702 4123 811 4182 deberet
820 4135 847 4183 et
856 4138 956 4199 posset,

166 4209 614 4283 operabar.Etduonoluminajam
625 4215 958 4287 absolveram,retractatis

165 4299 290 4354 ominibus
304 4298 378 4355 libris
392 4302 476 4367 meis,
493 4317 605 4373 atrorum
626 4320 766 4362 numerum
781 4311 933 4367 nesciebam
948 4331 955 4368 :

165 4402 266 4457 easque
279 4388 407 4444 ducerrtos
423 4389 528 4461 triginta
549 4392 618 4448 dnos
640 4409 700 4451 esso
718 4399 841 4469 cognovi
862 4402 958 4459 liesta·

1026 935 1126 1004 gotium
1141 949 1251 1011 propter
1264 941 1334 1012 qnod
1347 959 1381 1000 ec
1396 946 1530 1016 perreni13
1543 949 1567 1005 si
1579 951 1736 1022 cognoveris
1746 952 1818 1026 apud

1026 1041 1104 1094 quem
1116 1028 1247 1100 agendum
1257 1031 1302 1096 sit,
1314 1043 1375 1103 pcto
1385 1050 1420 1090 ne
1430 1035 1518 1108 pigeat
1527 1037 1660 1110 adjurare.
1677 1041 1733 1098 lion
1745 1043 1818 1105 enim

1026 1133 1167 1187 possumus
1179 1125 1352 1182 necessitates
1370 1127 1507 1185 bominum
1520 1132 1651 1202 ejusmodi
1670 1135 1816 1207 descrere,

1024 1209 1070 1279 qni
1086 1211 1169 1267 nostri
1191 1228 1245 1268 ucu
1265 1214 1370 1282 coloni,
1386 1219 1433 1274 scd
1456 1221 1526 1290 arrad
1548 1223 1633 1293 majus
1647 1234 1703 1292 est,
1720 1224 1816 1284 iratres

1025 1310 1104 1370 snm,
1120 1311 1147 1359 ct
1169 1303 1194 1359 in
1208 1304 1337 1364 charitate
1351 1307 1449 1365 Christi
1463 1310 1497 1367 ad
1516 1326 1608 1368 euram
1622 1315 1753 1385 pertinent
1767 1331 1817 1377 no·

1024 1399 1117 1447 suain.
1133 1393 1188 1450 beo
1201 1395 1283 1450 rivas.

1226 1506 1392 1566 aristone
1411 1511 1528 1569 CCXXV
1544 1518 1553 1536 ⁶
1568 1515 1621 1588 (a).

1024 1611 1136 1686 Prosper
1150 1616 1308 1690 dupustino,
1326 1621 1359 1676 dc
1375 1622 1488 1693 reliquiis
1501 1625 1642 1698 pelagiane
1655 1627 1777 1684 irrerescos
1788 1629 1814 1686 in

1059 1704 1144 1761 Gallia
1169 1709 1215 1764 sui
1241 1711 1365 1768 minalieo
1390 1716 1581 1772 nonrim'clam
1606 1721 1815 1778 succrescentibus

1057 1796 1186 1852 certiorem
1196 1799 1282 1869 ipsunt
1296 1802 1401 1872 sedens,
1416 1820 1446 1859 ac
1458 1805 1569 1876 reserens
1579 1812 1747 1880 quorumdam
1757 1829 1816 1882 nuc

1056 1888 1124 1943 relas
1136 1889 1169 1944 de
1179 1891 1212 1945 iis
1223 1909 1280 1963 quac
1289 1894 1445 1967 dupustinur
1458 1899 1578 1956 nameus
1590 1901 1742 1974 Pelagianos
1751 1905 1815 1960 nrt·

1056 1978 1146 2047 psissct
1153 1979 1184 2035 de
1194 1981 1323 2039 immerens
1333 1986 1492 2057 discretione,
1501 1988 1669 2049 decoratione
1677 1994 1814 2052 anundum

1056 2071 1213 2140 propositum
1227 2089 1259 2128 ac
1272 2076 1492 2146 predestinatione
1509 2079 1660 2151 electorum,
1672 2085 1706 2140 dc
1716 2099 1813 2156 prm

1055 2158 1138 2215 ments
1146 2163 1238 2232 potia,
1249 2163 1329 2235 deque
1338 2167 1444 2237 praefica
1454 2167 1588 2225 electorum
1598 2188 1717 2241 nummos
1727 2183 1814 2245 petens

1054 2256 1082 2302 st
1095 2265 1153 2320 aaa
1166 2251 1192 2306 in
1200 2253 1255 2308 istis
1263 2255 1444 2326 rimarentur
1453 2259 1599 2316 olmumora
1608 2271 1676 2330 sunt,
1685 2280 1761 2336 marta
1772 2266 1813 2322 iu·

1054 2339 1188 2398 cidiasinns
1198 2346 1396 2414 amonentem
1408 2350 1518 2422 aperiat.

1019 2449 1132 2507 Domino
1151 2454 1304 2512 beatissimo
1317 2473 1422 2529 papae„
1434 2460 1602 2519 ineffabiliter
1619 2463 1751 2534 mirabili,
1771 2469 1812 2525 in·

1053 2544 1269 2612 comparabiliter
1278 2545 1449 2616 bonorando,
1463 2555 1684 2623 prestantissima
1698 2567 1811 2629 patrono

1054 2633 1218 2700 incusatae,
1233 2636 1364 2694 i‘nosren.

1055 2745 1080 2800 l.
1101 2743 1208 2819 ignotus
1221 2751 1322 2822 quidem
1335 2751 1380 2807 riti
1394 2754 1476 2827 facie,
1491 2755 1536 2810 sed
1556 2758 1614 2828 jane
1633 2760 1809 2832 aliquatenus,

1017 2835 1041 2888 si
1052 2837 1237 2908 reminiscaris,
1252 2842 1337 2897 aninrc
1351 2859 1383 2897 ac
1395 2860 1508 2901 anniane
1520 2856 1681 2919 compertum·
1694 2867 1754 2906 nans
1766 2867 1812 2925 pm

1016 2937 1132 2981 sanctum
1153 2929 1258 2998 patrem
1277 2948 1358 2987 areum
1380 2932 1514 2992 Leontium
1532 2937 1666 2995 diaconum
1685 2942 1743 2998 misi
1755 2944 1811 3015 epi·

1017 3019 1094 3075 stolas
1109 3028 1132 3073 et
1151 3021 1247 3093 recepi,·
1261 3040 1328 3078 nunc
1345 3042 1443 3098 quoquc
1462 3026 1615 3084 Beatitndini
1635 3040 1686 3087 trra
1703 3032 1811 3090 scribere

1017 3109 1171 3183 eademnam
1184 3113 1266 3167 solum
1276 3115 1446 3184 salutationis,
1457 3127 1485 3172 ut
1495 3127 1562 3183 tunc,
1575 3120 1669 3187 studio,
1680 3122 1809 3179 sedetiam
1824 3128 1826 3133 ’

1016 3202 1078 3269 fidei
1087 3244 1093 3268 ,
1109 3219 1159 3273 «pua
1178 3201 1292 3260 Ecclesia
1310 3206 1368 3261 cinit
1378 3248 1385 3272 ,
1397 3207 1499 3276 affectu.
1516 3208 1665 3268 decubante
1682 3213 1748 3269 eninr
1762 3231 1809 3287 pro

1015 3290 1138 3347 anismam
1151 3292 1267 3349 mentiris
1286 3296 1400 3365 corporis
1417 3295 1513 3352 Citrlsti
1524 3298 1717 3370 pipilantlesltnu
1730 3303 1809 3359 inds-

1016 3380 1078 3434 stria
1090 3389 1144 3446 tua,
1159 3390 1182 3434 et
1195 3383 1314 3439 adrasus
1326 3386 1500 3443 borrticarum
1514 3388 1687 3447 doctrinarum
1700 3394 1808 3455 insidias

1015 3472 1125 3527 ueritatis
1139 3475 1228 3528 mrtnte
1248 3488 1392 3548 pupnantc,
1406 3478 1478 3534 trullo
1499 3483 1575 3536 niodo
1596 3483 1660 3538 milri
1671 3488 1807 3544 emendum

1015 3562 1101 3632 putori
1115 3579 1146 3617 nc
1159 3580 1280 3619 orrerosns
1292 3566 1396 3634 tibiam
1409 3568 1568 3640 importunas
1581 3576 1728 3633 memineo
1737 3582 1806 3655 gatoti

1014 3651 1049 3704 ad
1058 3653 1194 3707 intuitorum
1206 3656 1323 3726 salutem,
1339 3675 1369 3712 ac
1380 3660 1484 3730 perinde
1494 3661 1529 3717 ad
1541 3663 1657 3735 pietatem
1668 3676 1737 3725 trram
1750 3687 1806 3743 pee-

1014 3743 1075 3798 tinct
1090 3759 1099 3798 .·
1112 3761 1169 3800 curn
1183 3748 1266 3818 potius
1282 3765 1353 3804 reum
1367 3755 1482 3824 [uturum
1494 3771 1547 3811 csse
1567 3773 1607 3813 nte
1625 3759 1807 3830 emmerami

1013 3850 1059 3900 en,
1077 3851 1134 3908 qum
1153 3837 1225 3893 ualde
1246 3839 1387 3910 perniciosa
1403 3858 1457 3898 esec
1476 3843 1606 3919 inteliipo,
1622 3849 1805 3927 meminent

1013 3935 1147 3997 patrortum
1160 3927 1221 3999 fidei
1237 3946 1288 3986 non
1301 3935 1431 4004 referrem.

1048 4017 1075 4072 2.
1097 4015 1174 4074 flulti
1196 4037 1256 4094 erpo
1276 4038 1405 4079 serrorum
1427 4023 1522 4082 Cirristi
1534 4029 1579 4100 qui
1598 4030 1625 4088 in
1649 4032 1805 4096 Massiliensi

1012 4105 1072 4162 urbe
1086 4110 1234 4179 conanum,
1245 4111 1272 4166 in
1287 4111 1435 4170 sanctitatis
1447 4124 1497 4171 tua
1506 4119 1607 4192 scriptis
1619 4138 1677 4194 qua
1683 4125 1804 4187 adsersus

1012 4194 1167 4269 Pelagianos
1180 4200 1312 4257 iteretieos
1322 4203 1467 4273 condidisti,
1481 4210 1636 4267 corttrarium
1650 4225 1741 4283 putant
1753 4236 1802 4291 po-

1011 4296 1077 4343 trasr
1091 4291 1205 4362 opinioni
1219 4302 1242 4346 ct
1253 4292 1421 4350 ecclesiastico
1433 4297 1528 4366 senem,
1547 4299 1670 4374 quidquid
1683 4305 1710 4360 in
1724 4308 1759 4362 eis
1771 4309 1803 4366 de

1010 4382 1279 4438 uocationeeleetorunr
1286 4385 1423 4441 usandum
1432 4386 1479 4443 Dei
1489 4393 1645 4464 propositum
1654 4395 1801 4468 disputasti.

166 4479 368 4549 bantcpistolm,
379 4480 476 4538 deinde
488 4492 616 4540 tractatus
630 4488 783 4559 populares,
793 4494 957 4565 quosGraeci
1010 4468 1045 4524 E‘
1057 4488 1116 4526 ‘¹⁰²¹
1129 4473 1278 4576 “fl'‘“n‘lw
1301 4476 1647 4586 mmmmmf‘dpm
1656 4489 1801 4562 ''mm'’

166 4568 440 4626 inomiiiasaocant.lit
450 4571 577 4643 plurimas
581 4575 636 4646 iant
644 4579 817 4648 epistolamm
826 4584 953 4657 legeram,
1009 4577 1085 4664 ‘Q‘
1095 4564 1282 4619 'munem
1294 4567 1480 4638 '‘prema‘’
1495 4571 1647 4647 ‘'mmm“
1657 4594 1745 4635 ‘mm
1758 4580 1801 4638 ‘⁸'

164 4661 210 4716 sod
223 4661 310 4717 adhuc
325 4662 390 4718 nibil
408 4663 470 4720 inde
490 4665 667 4737 dictaveram,
682 4685 743 4727 eum
763 4687 806 4730 me
817 4676 898 4733 etiam
911 4679 955 4735 isti
1009 4651 1129 4706 ‘'dmm’'
1143 4669 1219 4727 ’Ψ
1243 4654 1295 4759 ¹³⁰⁶,
1312 4664 1387 4729 ΜΨ
1398 4663 1549 4730 “mmm
1563 4663 1730 4725 wa'l'l‘
1750 4679 1801 4728 Μ

163 4752 260 4808 iuliani
276 4751 335 4808 iibri
348 4768 480 4826 occrtparc
492 4767 638 4827 ceperant,
652 4776 764 4833 quorum
778 4779 850 4822 nunc
860 4778 956 4839 quarto
1009 4751 1188 4849 Q'f‘wnffm
1199 4745 1323 4851 ''df‘m
1342 4749 1489 4822 ''ww“
1503 4754 1582 4809 Μ’
1593 4771 1626 4810 ⁶³
1637 4757 1801 4830 dup⁰⁸¹⁸¹¹⁸⁰n⁶

163 4843 325 4914 respondem
335 4845 414 4916 eoeph
427 4846 539 4913 Quando
549 4862 614 4919 ergo
624 4850 649 4904 id
660 4851 838 4923 exppicavem,
849 4858 956 4928 quim,
1008 4836 1186 4939 meserecordiae
1200 4835 1265 4907 Des,
1279 4848 1308 4893 ut
1333 4857 1390 4895 cum
1414 4845 1538 4910 quosdam
1552 4845 1591 4918 (b)
1608 4848 1675 4905 iutra
1685 4851 1800 4925 Africana

162 4948 214 5005 qne
231 4934 409 5006 respondem,
426 4935 448 4991 si
469 4944 523 4993 ,ms
539 4952 593 4993 non
608 4944 826 5012 mwmnerin„
840 4947 954 5020 dispono
1007 4924 1253 5030 nnstlramomssem,
1266 4929 1400 4986 lilrnmdc
1412 4931 1576 5006 Correptionc
1588 4948 1611 4992 et
1624 4937 1730 5011 Gratia,
1746 4944 1800 5016 ple·

163 5024 173 5093 (
183 5024 206 5079 si
230 5024 300 5081 Deus
321 5025 453 5100 mmm)
477 5035 504 5083 e,
523 5029 594 5099 qttod
616 5033 705 5100 posci,
723 5033 857 5107 'nemete'
873 5040 953 5098 simul
976 5078 982 5090 .
1007 5031 1067 5070 num
1102 5016 1192 5074 danna
1216 5022 1372 5078 auctoritatis
1396 5026 1531 5084 emitteres.
1559 5029 1615 5096 Quo
1635 5033 1662 5088 ln
1685 5037 1799 5095 notitiam

161 5131 244 5187 agens
257 5125 414 5191 mumque,
429 5130 456 5176 e,
479 5119 530 5177 hoc
551 5122 671 5194 scilice„
687 5134 714 5182 e,
737 5126 802 5184 Μ
815 5130 850 5187 de
868 5142 953 5190 mm,
1007 5110 1545 5214 nostraminsperatatopportunitatcdelato,
1557 5125 1700 5192 putarimus
1711 5146 1797 5186 onustes

161 5207 276 5264 statione
290 5210 477 5280 opusculorum
490 5227 626 5282 meorum,
644 5219 782 5276 nocturnis
802 5229 829 5278 ct
849 5223 952 5283 diurnis
1005 5198 1119 5266 “enlm
1132 5212 1300 5258 mmmm
1310 5206 1461 5276 ‘mmm
1475 5211 1534 5280 ’μὴ
1548 5213 1668 5270 '‘mm“
1678 5222 1797 5290 imm*

162 5298 326 5368 temporibus
339 5301 365 5356 in
379 5303 481 5373 singula
495 5303 652 5362 distributis.

191 5410 199 5441 ¹
212 5417 265 5459 tiss.
278 5410 369 5482 plures,
384 5410 459 5476 mrim·
472 5416 533 5477 sive,
547 5417 712 5480 namnetem
725 5427 760 5474 cat
770 5425 918 5480 meritorium

187 5615 224 5676 (a)
236 5620 268 5665 aa
280 5621 345 5665 mne
355 5616 380 5679 ti,
389 5625 449 5670 auto
460 5619 501 5670 lib.
513 5622 546 5674 de
564 5627 710 5681 weubus.
725 5638 782 5693 Qum
802 5643 885 5690 autem
903 5639 950 5694 ΞΜ

158 5686 220 5739 mat,
228 5688 292 5726 nuuc
302 5674 353 5728 ¹23.
365 5679 455 5745 scripu
465 5689 519 5744 post
529 5687 689 5748 morem.

274 5758 387 5826 Bauer.
408 5762 548 5827 anensr.
563 5767 600 5832 it

1005 5289 1078 5346 nibus
1088 5291 1216 5363 dequibus
1228 5296 1379 5353 caruubnda
1389 5310 1442 5354 crat
1454 5298 1583 5359 Sanctitas
1595 5315 1648 5375 trra,
1663 5319 1714 5366 tons
1724 5314 1797 5383 piene

1035 5445 1377 5510 'npmamxxvetoexxu
1387 5434 1624 5511 ememuaemnaai
1635 5467 1795 5532 ursarum,

1003 5507 1220 5562 mancum
1235 5524 1267 5564 cs
1283 5520 1349 5565 tomo
1359 5514 1384 5566 7.

1033 5579 1813 5677 (ulllxlomo7‚pt¹oedxallb·tlel’fflloeflmlbntiffl.dtu·

1311 5802 1573 5890 arente-deria.)
