3906 6390
258 461 396 530 rigentibus
408 455 469 511 beni
480 463 526 508 aut
536 453 597 509 mali
612 460 683 507 reete
693 449 744 506 diei
756 447 881 520 potuerit,
890 446 959 517 qnod
970 461 1050 501 uuum

262 551 331 606 [leus
345 544 478 611 dilexerit,
490 543 569 598 aliurn
585 542 646 598 odio
661 539 799 606 babuerit,
817 539 872 608 ipsa
887 537 936 592 sibi
949 534 1052 607 obieeta

259 637 404 710 qttmstione
417 642 517 691 motum
529 633 681 702 exprimens
699 628 843 691 auditoris,
858 625 926 692 Qun
939 642 997 697 arpo
1010 625 1051 678 di-

259 729 367 785 ernutr?
380 727 474 797 inquil,
489 722 611 793 nnntqttid
625 721 744 789 iniquiter
761 719 830 790 opud
852 717 953 772 Deum?
972 715 1050 769 Absit.

260 822 311 881 ttte
324 834 387 890 erpo
401 827 459 876 erat
474 818 564 882 locus,
586 825 614 868 ut
630 813 732 868 diceret
755 811 825 880 quod
851 810 893 865 isti
917 809 1050 865 sentiunt:

259 910 360 969 Futura
371 910 437 965 enirn
448 907 516 961 Deus
527 922 604 974 opero
613 902 772 973 proetn'debnt,
785 900 886 970 prtonde
900 898 990 952 minori
1000 914 1053 950 nte·

255 1003 340 1074 p‘orern
352 1000 500 1055 serviturum
510 1012 563 1050 esse
576 993 682 1048 dicebat.
698 992 754 1047 Nou
769 1002 858 1045 autent
874 989 923 1043 lroc
939 989 1053 1059 dposto-

252 1091 302 1148 .ltts
314 1090 387 1153 dieit,
408 1087 454 1143 setl
470 1087 557 1157 potius
571 1100 603 1138 ne
617 1084 755 1152 quisquam
770 1082 803 1137 de
816 1096 923 1135 suorum
943 1094 1053 1150 operum

260 1181 357 1237 audeat
371 1177 473 1234 meritis
495 1174 612 1245 gloriari,
635 1172 668 1226 ad
691 1173 735 1226 boi
758 1172 869 1240 gratiam
893 1181 919 1225 et
941 1170 1052 1241 gloriam

261 1265 499 1324 commendandam
516 1263 597 1317 soluit
612 1262 699 1315 talere
717 1261 787 1329 quod
806 1260 882 1315 dixit.
897 1261 963 1315 Cuut
981 1260 1052 1314 euiur

261 1360 384 1425 dixisset,
399 1359 469 1412 Absit
480 1365 508 1410 ut
519 1356 554 1410 sit
563 1354 680 1424 iniqnitas
694 1352 763 1420 apud
772 1349 872 1414 Ιιιιιιιι,Ι
889 1361 1012 1421 {anquam
1027 1352 1052 1405 ei

261 1448 431 1514 dioerenuts,
445 1446 521 1502 Unde
535 1446 584 1499 boe
596 1442 731 1507 ostendis,
753 1457 813 1496 eum
834 1456 938 1498 asseras
950 1457 1002 1495 unu
1020 1456 1052 1496 ex

260 1539 404 1609 operibus,
418 1537 464 1593 sed
482 1552 514 1592 et·
528 1543 639 1590 rorante
657 1533 756 1587 dictum
769 1546 847 1598 esse,
866 1530 952 1602 lltrJ‘m
965 1533 1053 1586 seruiet

262 1629 354 1682 minori
363 1629 375 1682 l
385 1626 470 1697 Mopsi
485 1627 549 1680 enim
565 1625 635 1682 dicit.
652 1623 746 1693 iuquit,
762 1620 898 1675 lliurebor
911 1622 951 1674 cni
966 1622 1053 1675 miser·

262 1730 303 1773 tus
317 1735 369 1784 ero,
382 1727 407 1773 et
421 1716 618 1771 misericordiam
632 1713 754 1785 praestabo
768 1713 808 1766 cui
821 1713 960 1766 misericors
969 1712 1051 1781 [uere.

261 1809 346 1880 lqltur
365 1825 415 1862 non
435 1807 538 1862 nolentis
553 1822 631 1876 neque
644 1805 784 1869 comantis,
799 1803 843 1857 red
862 1804 999 1858 miserentis
1017 1813 1053 1857 ιιι

261 1898 319 1954 liei.
330 1897 380 1954 ilbi
395 1912 466 1952 uune
482 1897 585 1961 nterita,
599 1895 643 1951 ubi
659 1910 739 1965 epora
754 1894 796 1948 tol
812 1893 944 1963 praeterita
957 1894 998 1949 vei
1014 1892 1053 1948 iu-

261 1996 320 2042 tura
344 1995 468 2057 tauquam
497 1986 571 2040 liberi
594 1985 694 2039 arbitrii
721 1983 820 2037 viribus
844 1981 984 2051 adimpleta
1012 1984 1052 2038 tel

260 2077 446 2147 adimplenda?
457 2077 550 2131 Nouue
563 2083 681 2146 apertam
690 2072 1052 2144 protulitApostolusdegrn-

261 2167 334 2221 tuitre
353 2166 463 2237 gratim,
479 2165 530 2219 ltoe
554 2172 594 2220 est
618 2178 688 2219 rene
709 2161 800 2232 gratim
825 2163 1054 2220 commendatione

260 2255 437 2311 sententiam?
456 2254 550 2309 Nonne
573 2252 679 2309 stultam
701 2250 764 2307 lecit
778 2250 849 2306 Deos
870 2250 1052 2307 baereticorum

259 2344 432 2416 sapientiaml

295 2434 340 2490 bd.
354 2433 422 2502 Quid
432 2442 520 2491 autem
530 2434 666 2504 agebatur,
683 2441 712 2487 ιιι
724 2431 775 2488 boe
788 2430 1051 2502 Apostolusdieeret,

261 2536 390 2579 uteorum
399 2525 563 2595 geminorum
576 2529 798 2578 commemoraret
809 2522 978 2592 eretnpluml
991 2521 1053 2591 quid

262 2612 604 2683 persuaderomnliebaturl
614 2611 676 2681 qnid
686 2610 1053 2681 irrenleareenpiebatillom·

261 2719 295 2773 pe
318 2704 369 2758 boe
383 2703 454 2774 quod
477 2705 593 2771 ipsorum
613 2711 748 2773 oppugnat
769 2702 896 2770 amentia,
917 2701 988 2774 quod
1009 2717 1054 2757 sa-

263 2795 338 2864 perbi
354 2797 361 2827 ¹
378 2810 430 2849 non
439 2796 557 2863 capiunt.
568 2794 640 2864 quod
654 2809 748 2863 sapere
762 2794 856 2849 nolunt
869 2795 914 2864 qui
928 2794 1053 2864 ignoran-

262 2894 302 2938 tes
312 2884 357 2939 [lei
370 2884 508 2954 justitiam,
524 2895 633 2938 etsuam
649 2883 768 2938 retentes
783 2885 953 2952 constituere,
973 2884 1052 2955 justi·

261 2977 326 3031 titire
335 2976 381 3031 Dei
390 2992 441 3031 uon
452 2984 514 3030 suut
522 2975 632 3046 subjecti
643 2975 730 3045 (llam.
741 2991 769 3042 x,
779 2974 806 3043 ὅ)
823 2992 829 3027 :
841 2974 875 3030 de
886 2976 941 3045 ipsa
952 2977 1051 3047 quippe

260 3068 345 3138 grartia
358 3068 423 3124 satis
448 3068 542 3138 agebat
564 3068 716 3137 Apostolus,
739 3076 765 3122 et
785 3066 845 3121 ideo
869 3066 1052 3136 promissionis

261 3159 331 3215 lilios
341 3157 553 3214 commendabat.
572 3157 647 3225 Quod
663 3158 734 3213 enim
746 3158 878 3228 promittit
891 3158 973 3224 Deus,
998 3172 1051 3215 noo

260 3248 323 3305 laeit
344 3249 394 3304 nisi
414 3250 502 3305 betis:
517 3249 596 3304 babet
614 3264 727 3319 uanique
741 3249 838 3319 aliquid
847 3250 957 3305 rationis
970 3258 997 3305 et
1005 3266 1052 3306 ve-

262 3339 359 3404 ritotls,
381 3348 409 3393 ut
424 3340 504 3395 bomo
517 3339 662 3408 premium,
678 3346 705 3394 et
720 3339 791 3394 [leus
806 3337 897 3403 lineium
921 3348 950 3395 nt
962 3347 1051 3394 autem

262 3429 342 3483 borno
355 3443 384 3485 se
398 3427 484 3485 lairere
499 3428 569 3484 dieat
584 3429 654 3498 quod
668 3430 818 3499 promiserit
833 3430 912 3498 Deus,
929 3432 1051 3502 superbae

261 3517 406 3587 impietatis
420 3531 460 3573 ost
471 3519 601 3589 reprobus
611 3535 714 3574 smtsus.

295 3611 341 3665 st.
355 3606 552 3667 Comtueudans
563 3625 628 3680 ergo
643 3611 711 3665 filios
720 3611 915 3680 promissionis,
930 3611 980 3667 ltoe
994 3614 1050 3682 pri-

261 3694 334 3754 tuitm
347 3699 522 3768 siprtilleatuut
535 3698 661 3762 ostendit,
677 3714 724 3768 per
743 3699 816 3753 lsaao
829 3699 911 3755 lilium
926 3701 1049 3757 dbrolue.

261 3788 414 3843 litidentius
428 3802 542 3857 natuque
555 3801 621 3855 opus
635 3786 681 3842 bei
691 3798 800 3857 apparet
812 3789 838 3842 in
852 3803 894 3856 eo,
904 3804 983 3859 quern
998 3807 1050 3845 non

261 3878 351 3947 gerruit
365 3879 477 3932 usitatus
487 3877 553 3931 ordo
567 3886 668 3931 nature
677 3876 712 3931 de
725 3878 862 3932 sterilibus
870 3881 1051 3937 visceribuset

260 3976 397 4022 senectute
411 3965 549 4035 conlectis,
562 3976 589 4021 ut
602 3967 629 4020 in
643 3965 703 4020 liliis
712 3967 769 4034 bei,
779 3968 822 4036 qul
834 3966 912 4022 futuri
924 3985 1049 4038 prmum-

261 4048 401 4115 tiabantur,
418 4048 470 4104 boe
481 4057 552 4104 esset
562 4050 665 4118 signum
679 4048 760 4103 dirirti
773 4052 871 4118 operis,
889 4066 942 4106 nen
956 4053 1049 4108 bunta-

261 4141 298 4193 ιιι.
314 4138 347 4193 ln
358 4139 442 4204 loono,
457 4140 553 4210 inquit,
566 4140 693 4194 nocebitur
707 4141 751 4195 not
763 4157 847 4196 semen
862 4144 931 4199 :noe
943 4155 988 4209 ιιι,
999 4162 1049 4201 ιιοιι

259 4230 303 4298 qni
313 4229 361 4299 nttt
375 4230 468 4297 cernis,
484 4230 502 4283 tt
514 4229 562 4298 pto·
576 4227 641 4294 oet,-
661 4229 705 4284 sed
716 4231 764 4299 filii
781 4233 953 4303 promissionis
968 4235 1049 4306 depu-

259 4329 346 4375 tenter
357 4322 383 4375 in
396 4337 489 4375 senten.
505 4319 685 4375 Promissionis
695 4322 761 4376 ruint
774 4324 928 4379 usrssbttntiroe
943 4338 978 4381 est
988 4343 997 4381 :
1008 4327 1049 4381 dd

260 4411 307 4466 lter
319 4421 416 4482 tempor
430 4414 538 4478 nenimu,
552 4422 573 4466 et
586 4415 632 4465 en't
646 4413 721 4468 Sarte
735 4415 810 4483 filius.
831 4414 890 4470 Non
903 4419 984 4472 mlum
996 4437 1047 4476 ott·

260 4511 323 4570 tent,
343 4502 437 4573 inquit,
450 4504 494 4557 sni
513 4513 536 4557 et
555 4504 665 4558 llebecrn
681 4521 711 4558 ee
724 4522 773 4559 uno
792 4510 924 4562 cottcrtbiut
943 4510 1046 4577 itabens,

243 4575 246 4581 ¹
261 4590 337 4647 lmoe
356 4594 435 4663 putris
449 4596 537 4648 nostri.
559 4594 616 4661 Quo
635 4596 763 4664 pertinuit
776 4605 804 4651 nt
818 4596 937 4663 adderet,
952 4616 984 4656 en
997 4620 1047 4658 nuo

259 4684 402 4750 comedite,
414 4684 465 4746 nisi
481 4692 509 4738 ut
522 4698 573 4740 nott
584 4685 670 4739 solunt
684 4686 792 4752 destris,
806 4702 891 4758 noque
903 4688 936 4745 de
949 4704 1045 4759 pateo-

259 4784 314 4828 tum
328 4774 430 4830 meritis
442 4775 564 4842 aliorum,
585 4776 632 4830 sed
650 4793 683 4831 ne
703 4776 737 4831 de
750 4777 833 4848 ipsius
845 4780 951 4851 quidem
969 4783 1046 4840 onius

257 4864 350 4936 puris,
365 4874 465 4919 mutata
490 4865 556 4920 lorte
575 4867 601 4920 in
620 4866 714 4923 melius
731 4868 867 4926 vuluntate
888 4872 1046 4941 gloriaretur

256 4954 350 5021 laoob,
366 4954 458 5011 dicens
470 4956 530 5011 ideo
542 4971 570 5012 se
585 4955 738 5015 screatoro
750 4959 886 5026 dilectum,
896 4963 955 5033 qula
971 4973 1047 5034 pater

257 5044 326 5114 ejus,
342 5030 448 5114 quando
466 5059 527 5100 eutn
546 5047 696 5113 seminarit,
721 5051 875 5106 melioribus
890 5052 1045 5110 laudabilior

257 5133 377 5189 moribtts
389 5132 454 5188 luit?
463 5150 494 5191 en
505 5151 566 5202 rino,
577 5136 671 5212 inquit,
683 5141 832 5206 contutum
846 5156 927 5199 unum
942 5152 1004 5200 tune
1012 5147 1045 5201 ad

256 5236 303 5276 eos
317 5223 488 5278 seminandos
505 5226 627 5280 meritum
641 5229 733 5297 patris,
750 5246 830 5286 unum
843 5233 875 5288 ad
891 5235 1044 5305 concipicu-

255 5312 436 5370 tlosttteritom
450 5316 542 5371 matris
558 5334 565 5369 :
580 5318 639 5388 qula
655 5320 705 5374 etsl
716 5329 800 5376 mater
812 5338 858 5378 eos
875 5324 959 5381 douoe
970 5324 1045 5396 pare·

257 5412 297 5457 ret
310 5399 455 5461 tisseribtts
464 5407 579 5475 portarit
589 5408 715 5472 inclusos,
725 5421 752 5465 et
769 5412 836 5469 lorte
849 5415 995 5472 noluntates
1005 5418 1044 5472 al-

256 5491 437 5565 leetiouestrus
456 5496 578 5564 rorlarlt,
595 5514 648 5554 non
669 5500 713 5555 uni
738 5503 784 5557 sed
802 5504 931 5562 ambobus
954 5508 1044 5578 utique

257 5582 380 5652 variaris,
392 5587 567 5657 quospariter
576 5600 671 5647 ventre
686 5596 809 5662 portavit.

287 5690 371 5755 ¹rod,
380 5693 500 5759 moia.
512 5699 697 5763 ntttsrplnres,
708 5702 812 5766 superet.

870 338 898 390 S.
919 332 1098 392 AUGBS'llNl
1120 331 1271 388 uetscot‘t
1877 320 1913 378 iii

1141 443 1185 499 38.
1200 443 1313 498 intentio
1325 443 1402 514 igitur
1416 443 1550 500 intuenda
1565 452 1617 500 est
1631 440 1789 514 Apostoli,
1803 441 1915 515 qaomttr

1105 532 1333 604 propterpratiam
1346 532 1597 589 commendandum
1613 532 1693 589 nolit
1707 547 1778 588 eum
1788 533 1911 607 &qood

1105 632 1176 675 etum
1195 630 1248 689 est,
1262 620 1341 676 tarot
1361 622 1453 687 dilexi,
1464 623 1518 679 nisi
1541 623 1572 678 in
1600 612 1736 679 Domino
1749 622 1914 696 gloriarizrt

1105 726 1210 766 eumer
1225 711 1320 766 eodem
1336 720 1419 782 patre,
1433 712 1531 770 eadem
1556 724 1672 782 matre,
1696 728 1760 770 uno
1780 716 1912 780 concubitu

1105 808 1246 871 antequam
1267 801 1366 873 aliquid
1386 802 1505 873 egissent
1530 803 1604 858 boni
1625 813 1679 860 attt
1709 803 1795 870 mali,
1820 806 1913 862 altem

1107 890 1176 945 lleus
1195 890 1294 961 diligit,
1314 891 1370 948 odit
1389 893 1523 960 alterum;
1550 895 1706 968 intelligat
1727 894 1819 952 laoob
1832 911 1862 953 es
1879 897 1913 954 iila

1106 997 1192 1038 massa
1206 983 1341 1053 originalis
1356 983 1512 1056 iniquitatis,
1537 986 1587 1042 ubi
1612 986 1742 1042 lratrem
1766 1001 1854 1055 strom,
1867 1003 1912 1044 ean

1106 1087 1157 1142 quo
1177 1071 1269 1127 babuit
1282 1088 1450 1129 communem
1474 1089 1606 1142 eausam,
1625 1075 1711 1132 ridet
1735 1091 1792 1149 per
1802 1076 1912 1148 justitian

1106 1165 1235 1219 meruisse
1255 1165 1386 1232 damnari,
1403 1166 1508 1222 nonnisi
1531 1183 1585 1238 per
1607 1169 1741 1240 gratiam
1762 1184 1795 1226 se
1813 1171 1913 1241 potuisse

1106 1254 1230 1310 discerni.
1251 1253 1374 1309 Nondum
1397 1255 1468 1312 euim
1488 1258 1700 1335 nascentibus,
1717 1273 1774 1315 nee
1793 1260 1914 1331 agentibus

1106 1345 1202 1399 lmnum
1213 1356 1258 1400 aut
1269 1347 1378 1411 malum,
1394 1357 1421 1401 tu
1432 1348 1574 1403 secundnm
1585 1350 1756 1405 electionem
1769 1353 1913 1422 propositas

1106 1435 1154 1490 Dei
1167 1447 1285 1502 ntuneret,
1302 1455 1352 1491 non
1369 1455 1399 1492 ex
1421 1439 1546 1511 operibns,
1570 1442 1621 1496 red
1640 1457 1680 1497 ex
1699 1453 1819 1498 meante
1837 1444 1914 1496 dictu

1106 1538 1141 1582 est
1154 1528 1176 1582 ei
1190 1544 1199 1581 .·
1213 1527 1301 1601 dlnjor
1312 1531 1400 1583 seruiet
1415 1530 1517 1585 nu'uort'.

1141 1617 1185 1672 59.
1207 1618 1367 1673 dilectionem
1390 1629 1477 1674 auteur
1495 1621 1593 1689 gratie
1614 1623 1710 1680 nullis
1733 1626 1797 1680 llari
1818 1640 1914 1696 opereat

1107 1706 1315 1777 ptrneedeutibus
1324 1708 1435 1773 meritis,
1448 1710 1500 1764 alio
1511 1710 1572 1764 loeo
1582 1713 1776 1782 apertissime
1786 1715 1856 1771 idern
1865 1731 1916 1787 rpo-

1106 1797 1189 1852 stolus
1201 1797 1344 1854 ostendens
1359 1817 1365 1852 ι
1382 1799 1426 1853 Sic
1438 1815 1508 1872 erqo,
1530 1801 1632 1871 inquit,
1657 1815 1685 1859 et
1703 1806 1734 1861 iu
1755 1809 1808 1861 boc
1821 1817 1916 1878 tenpore

1106 1887 1218 1957 reliquie
1236 1879 1372 1943 secuudum
1391 1890 1534 1945 electionem
1552 1894 1654 1962 pretioe
1666 1896 1757 1951 ιιιιιιαι
1768 1901 1848 1968 [ιιιιιε
1859 1909 1914 1952 rnre

1107 1977 1138 2033 Si
1153 1988 1235 2032 entem
1248 1980 1340 2050 pretio,
1356 1981 1412 2052 jorn
1433 1997 1483 2035 non
1497 1998 1528 2036 ex
1544 1985 1697 2052 operibus:
1710 1989 1834 2060 alioquin
1846 1992 1916 2062 protis

1101 2069 1158 2138 jum
1170 2077 1264 2123 nonest
1276 2070 1358 2140 pratia
1369 2070 1456 2140 (Rem
1465 2085 1503 2135 ιι,
1512 2071 1588 2142 5,6).
1597 2073 1771 2133 Securulutn
1787 2080 1916 2150 banestre

1106 2159 1228 2228 gratiam,
1243 2160 1324 2214 etium
1339 2161 1524 2231 propheticum
1537 2163 1742 2224 testimoninm
1755 2186 1916 2241 consequen-

1108 2257 1147 2303 ter
1160 2264 1308 2315 assumens,
1322 2250 1395 2306 Sicttt
1409 2252 1530 2321 scriptum
1541 2263 1590 2320 est,
1608 2255 1719 2326 iuquit,
1734 2260 1824 2316 secet
1839 2261 1915 2327 dilexi.

1108 2336 1177 2392 lt'amt
1190 2350 1272 2393 antem
1290 2341 1347 2395 odio
1366 2342 1442 2395 imbui
1451 2357 1460 2406 ,·
1478 2351 1505 2397 et
1519 2344 1666 2411 contiuuo,
1688 2347 1767 2414 Quas
1782 2367 1846 2420 erpo
1857 2352 1915 2406 ster·

1106 2445 1160 2483 rum
1170 2430 1183 2483 ι
1195 2431 1289 2500 iuquit,
1302 2431 1424 2502 nnntqtu'd
1435 2434 1554 2502 iniqnitas
1571 2438 1703 2508 estapttd
1717 2439 1833 2497 Dentur?
1846 2443 1915 2497 Atre

1106 2519 1158 2574 Sed
1168 2536 1266 2590 quare,
1281 2520 1371 2576 Absit?
1386 2537 1421 2578 an
1433 2532 1541 2593 propter
1555 2539 1641 2595 opera
1655 2543 1727 2599 quae
1740 2530 1839 2588 lotura
1854 2548 1915 2602 pra

1106 2612 1206 2666 sciebat
1216 2611 1440 2669 omlmrumibuo
1453 2623 1480 2670 el
1494 2614 1545 2670 hoo
1563 2616 1638 2672 absit
1659 2636 1668 2672 :
1687 2618 1784 2692 Hoysi
1802 2624 1870 2677 enirn
1882 2624 1915 2677 di·

1105 2703 1149 2766 rit,
1164 2702 1302 2757 llirereltor
1313 2704 1355 2758 cui
1374 2705 1491 2759 trtisertns
1509 2722 1561 2771 ero,
1578 2717 1604 2761 st
1621 2709 1847 2768 ntt'sericordiant
1859 2730 1916 2785 pro·

1106 2794 1175 2847 stade
1187 2794 1227 2847 etti
1237 2793 1377 2849 trtirericors
1384 2794 1464 2863 [uno.
1475 2793 1559 2866 lpitnr
1568 2810 1621 2851 non
1636 2799 1758 2856 nolentis
1773 2819 1914 2873 neqnecsr·

1105 2885 1190 2947 rerttis,
1206 2885 1250 2939 sed
1269 2884 1408 2939 miserentis
1421 2893 1458 2939 ιιι
1476 2884 1535 2939 Dei.
1550 2885 1641 2957 dtque
1656 2899 1691 2944 ut
1712 2889 1742 2945 in
1771 2894 1848 2949 rests
1864 2908 1915 2964 qn:

1106 2973 1220 3045 perlecta
1233 2983 1296 3029 suut
1308 2974 1336 3028 in
1347 2974 1532 3045 perditionem,
1543 2990 1604 3046 quse
1613 2976 1766 3037 damnatae
1781 2984 1915 3041 oebteest

1106 3079 1210 3130 suasam,
1225 3073 1370 3134 agnoscant
1384 3080 1446 3120 rasa
1459 3081 1491 3122 ex
1506 3065 1601 3122 eadem
1618 3083 1718 3126 massa
1737 3073 1768 3128 in
1791 3074 1914 3130 ltonoretr

1105 3155 1173 3211 laeto
1189 3155 1250 3224 quid
1272 3157 1312 3212 eis
1330 3156 1512 3212 misericordia
1537 3157 1627 3213 divina
1651 3160 1759 3233 largita
1786 3167 1834 3231 sit,
1855 3166 1914 3220 llicit

1105 3247 1181 3309 eninr,
1198 3246 1290 3316 iuquit,
1305 3245 1438 3315 Scriptum
1450 3247 1484 3301 nd
1506 3247 1686 3316 Plrorttonsnt,
1704 3253 1782 3320 Quin
1793 3259 1831 3312 nd
1840 3259 1913 3312 necte

1104 3336 1221 3400 recitati,
1236 3347 1262 3389 ut
1276 3338 1363 3390 ostend
1371 3355 1405 3391 un
1421 3337 1448 3392 in
1467 3347 1490 3392 te
1503 3339 1643 3407 potentium
1658 3359 1764 3411 meatu,
1780 3358 1807 3402 et
1821 3358 1850 3402 ιιι
1863 3350 1910 3419 pio-

1104 3427 1317 3496 rillceturuonreu
1334 3445 1416 3482 mmm
1436 3431 1463 3484 in
1485 3430 1602 3485 uniterrn
1623 3442 1710 3490 terra.
1736 3438 1865 3511 Detriquo
1882 3439 1909 3494 td

1105 3527 1245 3585 utmmuue
1255 3518 1397 3581 concludit,
1409 3516 1476 3590 Erpa
1491 3522 1564 3589 enjus
1575 3521 1630 3574 ortt
1642 3524 1805 3597 miseretur,
1817 3539 1909 3598 etnim

1104 3605 1156 3659 nub
1171 3605 1278 3659 obduret
1294 3621 1303 3661 .·
1323 3605 1374 3662 boe
1389 3607 1449 3661 iacit
1462 3608 1531 3677 apud
1545 3614 1693 3677 (poeninon
1709 3624 1763 3670 est
1777 3617 1906 3688 iniquitas.

1104 3695 1243 3749 lliseretur
1253 3695 1342 3767 ltaque
1354 3697 1468 3766 gratuito
1481 3697 1568 3764 tlouo;
1580 3697 1703 3758 obdurat
1715 3715 1817 3762 autem
1823 3708 1907 3779 justis·

1104 3786 1172 3842 simo
1185 3787 1290 3840 merito.

1140 3877 1183 3932 to.
1198 3876 1249 3932 Sed
1265 3877 1336 3932 dieat
1348 3876 1433 3934 adbuc
1446 3879 1486 3934 rel
1502 3879 1609 3949 superbi
1625 3881 1751 3941 ittltdelis
1763 3889 1857 3954 elatio,
1871 3889 1904 3944 ιιι

1105 3967 1187 4037 puniti
1202 3965 1360 4022 damnabilis
1372 3969 1517 4035 erettsatio,
1532 3970 1600 4036 Quid
1612 3972 1702 4028 oditur
1715 3979 1904 4048 conqueritur?

1104 4076 1162 4113 netu
1182 4059 1305 4114 retentati·
1317 4061 1371 4129 ejus
1389 4060 1445 4129 unis
1459 4061 1571 4116 resistit?
1584 4061 1669 4128 dieat,
1683 4075 1712 4120 et
1728 4069 1828 4125 audiat
1839 4069 1902 4141 qutrd

1103 4152 1226 4207 contenit
1239 4152 1350 4215 bomini,
1374 4151 1496 4220 Oltomo,
1517 4163 1543 4207 tn
1556 4154 1612 4224 ptris
1629 4171 1658 4209 es
1680 4159 1729 4226 qni
1751 4163 1902 4230 respondens

1104 4241 1158 4296 lieo
1176 4240 1230 4311 (ld.
1246 4256 1290 4306 tx,
1305 4242 1321 4294 “l
1338 4240 1404 4311 25ss
1418 4249 1445 4296 et
1462 4249 1569 4308 caetera,
1585 4241 1735 4313 dequibus
1753 4247 1901 4320 jamqoan·

1104 4338 1159 4385 tom
1171 4329 1242 4399 putul
1262 4329 1327 4388 satis
1344 4343 1375 4385 ae
1396 4343 1467 4400 sepo
1479 4329 1602 4386 disserui.
1621 4333 1723 4389 Audiat
1738 4335 1802 4400 haee
1816 4347 1843 4393 et
1853 4354 1900 4392 non

1102 4429 1265 4476 contemnat.
1280 4419 1356 4488 Quod
1374 4421 1396 4477 si
1420 4423 1628 4492 contempserit,
1649 4425 1737 4480 etiam
1760 4436 1791 4482 ιιι
1811 4439 1900 4483 oonte-

1102 4518 1216 4577 ntueret,
1226 4525 1255 4565 se
1267 4510 1547 4567 iuveniatobdurotuut
1559 4511 1595 4568 :si
1608 4520 1699 4568 nutem
1712 4531 1770 4572 non
1780 4531 1899 4573 eontent-

1102 4601 1195 4672 pserit,
1209 4601 1288 4656 etiam
1302 4610 1331 4656 ιιι
1348 4615 1401 4656 ιιοιι
1410 4611 1601 4666 eontenuteret,
1615 4617 1646 4659 so
1655 4603 1755 4662 eredat
1764 4608 1897 4678 adiutum

1101 4692 1148 4748 sed
1162 4691 1318 4747 obduratum
1331 4691 1432 4760 debito,
1440 4693 1558 4763 adituum
1570 4695 1656 4765 pratia
1668 4697 1688 4751 ¹.
1730 4718 1737 4739 ι

1137 4781 1249 4838 carot
1270 4781 1316 4838 lx.
1330 4811 1366 4823 —
1384 4785 1428 4839 ll.
1458 4784 1548 4855 Nersae
1568 4786 1651 4850 enim,
1675 4788 1698 4843 si
1722 4789 1846 4848 duorum
1874 4793 1902 4847 ιιι-

1101 4873 1174 4928 istae
1188 4874 1337 4944 patriarcba
1351 4876 1525 4945 pertrinornm,
1534 4877 1604 4947 quod
1619 4879 1730 4947 quidem
1742 4882 1800 4952 jann
1810 4897 1901 4940 osteis

1100 4965 1188 5020 dimus
1202 4976 1299 5036 quanta
1314 4968 1432 5023 eaeeitate
1444 4967 1558 5034 dieatur,
1574 4969 1659 5025 lutura
1684 4975 1814 5042 praevidit
1830 4977 1896 5032 beot

1100 5070 1192 5125 opera,
1207 5057 1251 5126 qul
1263 5057 1386 5112 virerum
1397 5068 1476 5130 atque
1488 5069 1644 5122 senuerunt.
1657 5070 1685 5116 et
1697 5075 1843 5135 propterea
1854 5067 1893 5122 Ja-

1098 5145 1150 5200 oub
1161 5144 1263 5212 dilexit,
1276 5147 1344 5201 Esau
1352 5156 1440 5203 autem
1449 5149 1511 5204 odio
1521 5149 1621 5216 babuit,
1633 5150 1695 5207 ideo
1703 5156 1892 5216 moriturotrtt

1099 5237 1179 5292 etiam
1193 5239 1359 5307 parvulorum
1375 5248 1462 5309 potest
1472 5242 1611 5311 quisquam
1623 5242 1725 5311 dicere,
1743 5257 1775 5304 nt
1790 5248 1854 5306 bule
1866 5265 1896 5304 ro

1100 5327 1296 5399 percipiendum
1325 5328 1487 5398 baptismum
1514 5347 1566 5387 nou
1592 5334 1726 5402 oonsttiat,
1753 5337 1895 5401 ttttrmen

1098 5419 1230 5485 consulat,
1248 5419 1330 5474 berun
1345 5418 1430 5475 lutura
1444 5437 1526 5493 opera
1536 5438 1627 5479 eorum
1640 5427 1813 5493 previdere:
1829 5448 1895 5503 quo·

1099 5509 1177 5563 nrodo
1190 5510 1260 5564 ettiur
1273 5509 1360 5565 lutura
1373 5511 1565 5583 dicunturque
1578 5515 1650 5569 nulla
1666 5519 1770 5574 erunt?

1134 5597 1177 5651 li.
1193 5599 1245 5653 Sed
1256 5598 1334 5666 Deus,
1345 5602 1475 5672 inquiunt,
1489 5605 1515 5658 ιἰι
1525 5604 1560 5658 eis
1572 5604 1705 5675 marbino
1716 5613 1816 5681 apert,
1829 5628 1896 5684 proe·

1131 5716 1137 5743 ¹
1149 5717 1201 5762 ttss.
1213 5710 1349 5774 duodedtu,
1361 5715 1594 5781 obduretrnndsoite,
1603 5718 1815 5787 adpetuntur*
