3906 6390
234 268 289 327 ddi

235 383 345 439 cedrum
356 382 411 452 iam
425 383 459 437 ab
480 381 636 452 inquirendo
649 388 737 436 utrum
750 394 883 436 summum
897 379 961 435 illud
977 379 1024 434 bo·

237 488 311 539 rrum,
326 475 368 530 rel
383 474 469 544 aliqua
483 474 541 543 ejus
556 488 618 542 pars
628 472 664 527 sit
682 472 710 526 io
724 484 846 540 corpore.
866 469 941 539 Quod
954 469 1025 524 enim

235 564 392 620 stultissime
406 573 527 635 negatur,
542 563 637 617 melior
649 570 690 619 cst
702 562 805 617 artimus
819 575 940 631 corpore.
960 557 1025 613 ltem

234 655 391 710 stultissime
412 663 523 724 negatur
536 653 674 709 meliorem
689 668 749 707 csse
768 667 829 707 euro
844 652 888 721 qni
901 651 947 706 dat
961 650 1026 704 bea·

232 753 286 799 ιιιιι
298 744 389 810 sitam,
401 744 443 798 rel
454 752 555 813 partem
564 743 679 813 aliquam
693 743 777 797 beatae
786 742 858 809 titae,
873 755 953 811 quam
963 755 1024 794 entra

231 836 275 901 qui
297 834 403 905 accipit.
423 835 481 890 Non
497 834 576 905 igitur
596 834 691 904 accipit
705 833 811 887 animus
823 847 837 884 a
850 846 964 901 corpore
983 829 1025 883 rel

230 940 364 982 stratorum
388 927 498 994 bonum,
513 926 556 982 rel
577 935 679 996 partem
693 926 808 994 aliquam
831 923 927 978 summi
951 921 1024 975 boni.

229 1015 288 1072 lloc
300 1018 345 1089 qni
360 1034 413 1073 non
428 1018 519 1074 rident
530 1016 621 1072 cecati
636 1024 699 1070 sunt
719 1013 859 1070 dulcedine
878 1010 1024 1069 eumalium

228 1110 405 1181 uoluptatum,
428 1126 507 1182 quam
520 1125 554 1165 ex
574 1108 717 1178 indigentia
732 1106 852 1161 sanitatis
865 1105 957 1159 tenire
971 1119 1024 1158 nou

231 1199 380 1256 intuentur.
404 1201 510 1256 Sanitas
528 1207 616 1255 autem
633 1197 750 1269 perlecta
763 1196 892 1267 corporis,
913 1194 956 1248 illa
978 1209 1024 1249 ex·

230 1296 315 1346 tecam
331 1291 412 1347 totius
427 1291 543 1346 bominis
558 1289 743 1344 immortalitas
757 1288 818 1344 erit.
841 1286 907 1341 Tam
922 1285 1023 1356 potenti

229 1381 301 1436 euim
323 1390 417 1436 natura
432 1381 502 1438 Deus
523 1380 585 1436 lecit
599 1379 725 1446 animam,
745 1387 775 1432 nt
796 1392 828 1431 ex
850 1377 908 1447 ejas
920 1376 1022 1447 plenis·

229 1472 297 1528 siuta
319 1474 481 1529 beatitudine
493 1488 552 1544 quae
567 1473 593 1526 in
608 1471 661 1526 line
681 1479 829 1540 temporum
845 1469 944 1524 sanctis
959 1481 1021 1537 pro·

229 1562 353 1627 arittitur,
365 1562 495 1619 redundet
507 1564 588 1617 etiam
601 1562 626 1616 in
641 1559 793 1615 interiorem
807 1569 940 1626 naturam,
950 1557 1021 1628 quod

229 1660 270 1706 cst
280 1667 386 1723 corpus,
401 1667 452 1708 non
465 1651 602 1708 beatitudo
615 1666 674 1721 quae
687 1649 800 1705 fruentis
810 1659 838 1705 et
849 1650 1021 1719 intelligentis

228 1751 270 1799 est
283 1745 400 1815 propria,
416 1744 463 1801 sed
484 1743 620 1814 plenitudo
634 1743 766 1810 sanitatis,
789 1742 815 1797 id
836 1750 878 1797 est
898 1743 1019 1796 incorru-

227 1833 327 1903 ptionis
339 1835 422 1905 vigur.
443 1835 518 1903 Quod
537 1835 583 1905 qui
602 1850 656 1890 noo
675 1833 777 1900 rident,
792 1841 820 1887 ut
841 1831 906 1897 dixi,
920 1831 1022 1886 bellant

227 1925 352 1995 inquietis
364 1926 588 1992 altercationibus,
604 1926 674 1981 varie
683 1940 731 1995 pro
744 1938 794 1978 suo
803 1923 915 1993 quisque
930 1930 1019 1992 caput,

227 2017 254 2071 io
264 2032 378 2088 corpore
389 2019 582 2074 constituentes
596 2031 729 2073 sunrmum
739 2014 855 2069 bominis
869 2015 977 2079 bonunt,
993 2024 1020 2070 et

225 2112 371 2166 carrraliurn
385 2111 571 2168 seditiosorum
587 2111 678 2166 turbas
691 2108 846 2173 concitant;
862 2107 932 2162 inter
952 2121 1019 2177 qnos

225 2202 349 2274 Epicurei
369 2203 439 2273 apud
462 2203 594 2259 indoctam
616 2199 811 2256 multitudinem
831 2197 1019 2254 excellentiore

228 2294 381 2350 anctoritate
392 2294 543 2366 aigtteruot.

260 2386 305 2440 15.
325 2386 363 2440 ιιι
376 2386 439 2440 item
451 2384 496 2455 qui
508 2385 561 2440 cito
573 2383 661 2439 videat
673 2382 790 2436 animum
801 2394 907 2451 quoqne
918 2380 1016 2449 ipsum,

223 2489 278 2531 nort
292 2490 342 2530 suo
361 2476 431 2530 bono
444 2475 551 2530 beatum
565 2488 634 2535 esse,
650 2486 711 2527 cum
726 2472 819 2527 beatus
832 2477 883 2535 est,
898 2469 1016 2539 alioquin

223 2581 360 2635 nunquam
370 2574 442 2621 esset
451 2566 549 2630 miscr;
562 2573 588 2619 et
599 2561 741 2619 recedetur
750 2575 765 2614 ι
775 2560 919 2631 quaerendo
930 2568 1016 2614 utrum

224 2656 252 2711 io
267 2656 356 2711 antimo
368 2656 403 2712 sit
415 2669 548 2711 summum
562 2654 625 2711 illud
635 2662 723 2724 atque,
736 2661 766 2707 ut
776 2654 810 2706 ita
822 2652 945 2715 dixerim,
956 2652 1017 2706 bea-

223 2748 325 2802 tistcum
339 2748 449 2815 bouum,
463 2748 507 2804 rel
518 2748 606 2818 aliqua
619 2762 680 2816 pars
694 2746 762 2816 citas.
777 2745 843 2801 Nam
853 2760 913 2800 cum
928 2745 1016 2813 scipso

222 2837 275 2893 sibi
298 2838 373 2908 quasi
399 2853 448 2893 suo
471 2839 542 2893 bono
563 2836 668 2891 animus
691 2836 796 2904 gaudet,
819 2838 949 2904 superbus
963 2843 1014 2889 cst.

222 2928 291 2984 Ciam
306 2944 369 2984 acro
383 2928 509 2998 perspicit
528 2942 557 2983 se
570 2941 631 2982 csse
648 2924 811 2989 mutabilem,
827 2925 867 2978 rel
890 2924 941 2979 brac
963 2939 1016 2979 uno

222 3020 317 3076 saltent
327 3019 398 3089 quod
410 3019 443 3074 de
457 3018 538 3074 stulto
551 3016 657 3087 sapiens
669 3014 792 3080 eflicitur,
804 3014 1016 3084 sapientiamque

223 3127 283 3168 esse
295 3111 536 3179 incommutabilem
547 3109 641 3175 cernit,
655 3107 733 3162 sirrtnl
743 3115 848 3176 oportet
858 3114 1015 3163 cernatcsse

223 3204 296 3259 iilam
322 3218 401 3274 supra
424 3217 499 3257 suam
519 3208 658 3264 naturam,
680 3198 791 3267 ejusqtrc
815 3196 1016 3267 participatione

224 3301 303 3365 atquc
318 3293 492 3348 illustratione
504 3307 534 3347 sc
549 3290 657 3345 uberius
670 3300 696 3344 ct
707 3286 927 3357 certiusgaudcre
936 3302 1014 3355 quam

222 3388 322 3456 seipso.
344 3386 381 3441 lta
406 3399 514 3441 cessans
532 3392 612 3455 atque
633 3381 850 3437 dctuotcsccnsa
869 3378 1015 3449 jactatione

223 3487 304 3550 atque
317 3478 454 3534 lardatione
469 3475 585 3548 propria,
603 3474 733 3529 inhaerere
749 3473 814 3537 ltecr,
830 3479 909 3541 atque
922 3471 956 3525 ab
971 3471 1015 3524 illo

165 3630 172 3643 ,
222 3572 432 3627 incommutabili
447 3570 521 3625 retici
544 3577 572 3624 et
586 3566 724 3623 reformari
744 3566 845 3633 nititur,
862 3580 943 3634 aquo
955 3580 1015 3619 essa

221 3666 279 3736 lam
290 3666 361 3734 capit
373 3680 425 3720 oon
437 3665 522 3719 solum
536 3676 642 3717 omnem
653 3659 770 3729 speciem
781 3673 870 3713 rerum
884 3658 1013 3724 anartium,

222 3756 280 3811 sire
294 3770 354 3825 quae
365 3770 446 3809 sensu
458 3752 590 3822 corporis,
612 3752 667 3806 sice
679 3764 738 3821 quac
752 3748 922 3818 intelligentia
937 3763 1014 3802 men·

223 3846 259 3901 tis
273 3845 448 3916 attinguntur,
462 3844 508 3900 scd
521 3845 601 3898 ctiam
614 3843 699 3914 ipsam
719 3841 892 3910 capacitatem
915 3838 1014 3893 lorma·

224 3935 305 3990 tionis
325 3943 387 3989 ante
410 3934 612 3999 formationem,
637 3946 697 3986 cum
717 3930 759 3985 rel
782 3928 896 3984 inlnrmc
917 3929 1015 3998 aliquid

224 4025 330 4093 dicitur,
344 4025 417 4097 quod
437 4024 547 4080 lormari
568 4030 665 4094 potest.
685 4021 776 4091 ltaque
798 4029 871 4075 tanto
885 4020 972 4075 atinus
986 4035 1016 4075 se

223 4135 284 4177 esse
305 4120 427 4177 stabilem
446 4118 536 4186 sentit,
558 4125 657 4191 quanto
679 4115 768 4169 minus
789 4113 873 4168 laceret
894 4113 950 4168 Deo
971 4113 1015 4183 qni

223 4226 327 4268 stamme
345 4220 386 4268 est
400 4229 407 4265 ε
421 4220 447 4267 ct
469 4210 529 4265 idco
553 4208 627 4263 illum
651 4221 753 4262 summe
776 4219 846 4271 esse,
861 4204 921 4274 quia
944 4205 1014 4258 nulla

223 4305 399 4361 mutabilitate
412 4302 570 4375 prolicitseu
577 4299 667 4355 delicit
678 4315 685 4359 :
700 4298 750 4353 sibi
760 4306 848 4353 autem
861 4297 931 4351 illam
940 4312 1013 4351 com·

223 4394 397 4451 mutationem
412 4392 541 4463 expedire
554 4406 605 4461 qua
619 4390 732 4460 prolicit,
751 4398 780 4443 ut
792 4388 909 4460 pert'ectc
924 4387 960 4443 illi
974 4403 1016 4443 cu·

223 4484 336 4549 licerent,
349 4498 408 4538 eam
421 4480 725 4537 cerocommutationcm
736 4495 795 4550 quaa
808 4480 833 4534 in
847 4478 951 4533 deiectu
963 4488 1013 4541 est,

225 4589 287 4631 csse
299 4573 439 4638 ritiosarn;
455 4587 561 4628 omnem
577 4580 665 4625 autem
678 4568 811 4625 delectum
824 4568 858 4623 ad
880 4568 1014 4623 interitum

225 4681 348 4737 uergere,
363 4681 416 4736 quo
428 4673 515 4719 utrum
529 4646 615 4734 al'iqua
627 4677 671 4718 res
685 4660 821 4731 perveniat
843 4660 947 4714 tantctsi
963 4676 1015 4714 noa

225 4765 364 4829 appareat,
375 4765 474 4811 tamen
487 4768 615 4825 apparere
634 4752 757 4807 omnibns
771 4766 803 4806 co
814 4750 912 4805 ducere
934 4750 1016 4805 inter·

225 4852 291 4907 itum
306 4858 334 4905 ut
348 4864 400 4903 non
413 4847 448 4902 sit
458 4846 528 4919 qnod
540 4855 606 4903 erat.
627 4843 704 4901 Unde
717 4844 818 4915 colligit
828 4858 880 4897 non
894 4842 929 4897 ob
943 4843 1014 4898 aliud

223 4956 269 4999 'tes
281 4940 406 5008 delicere,
422 4940 463 4994 rel
484 4953 564 5010 posse
576 4936 702 5002 dcsroerc,
727 4937 777 4991 nisi
801 4935 872 5008 qood
885 4951 918 4990 cx
931 4936 1015 4990 nibilo

224 5030 302 5088 iacta
323 5040 385 5086 sunt
399 5049 405 5084 :
418 5038 447 5085 ut
460 5029 530 5100 quod
545 5029 571 5083 io
586 5029 625 5084 eis
640 5027 765 5098 estquod
779 5037 840 5083 soro
855 5035 882 5081 et
897 5035 1014 5092 manent,

223 5132 252 5181 ct
265 5140 313 5199 pru
327 5123 473 5183 defectibus
492 5122 571 5178 etiam
584 5122 641 5177 suis
650 5120 684 5176 ad
702 5120 884 5176 universitatis
896 5120 1015 5189 corripie-

224 5231 287 5270 aunr
298 5216 464 5281 ordinantur,
476 5214 509 5269 ad
520 5215 577 5285 cios
588 5213 731 5269 bonitatem
741 5213 1015 5283 oraratipotcntiamquc

224 5308 366 5377 pertineat,
382 5308 427 5378 qui
439 5322 543 5363 summe
556 5314 597 5362 est
609 5314 637 5360 ct
648 5304 780 5372 conditor,
796 5305 841 5374 qui
863 5312 957 5373 patens
976 5315 1017 5360 est

224 5399 304 5453 ctiaot
320 5416 351 5454 cx
373 5399 466 5463 ιιιιιιιο,
486 5414 539 5453 non
555 5406 657 5453 tantum
671 5395 779 5466 aliquid,
796 5396 842 5451 sed
867 5397 947 5451 etiam
961 5413 1017 5451 ma-

225 5504 306 5559 gnum
328 5488 426 5558 aliquid
441 5487 550 5544 lacere:
567 5487 680 5558 primum
695 5494 784 5542 antem
798 5496 947 5556 peccatum,
965 5488 1017 5543 boc

226 5591 268 5636 est
289 5580 404 5647 priorum
422 5579 597 5635 uoluntarium
611 5578 753 5644 delectum,
774 5594 835 5635 csse
855 5578 970 5651 gaudere
983 5580 1015 5634 ιιι

225 5674 359 5748 propriam
382 5679 539 5745 potestatem
551 5689 558 5741 ;
572 5672 606 5727 ad
626 5670 714 5727 minus
728 5671 797 5727 cuim
811 5667 919 5742 gatardct,
933 5686 1013 5742 quam

851 266 880 323 S.
900 263 1084 322 aucustta't
1103 263 1257 323 EPlSCOPl

1828 270 1880 328 dib

1080 378 1103 434 si
1114 378 1147 434 ad
1165 388 1324 450 potestatem
1342 380 1388 437 oet
1406 382 1529 452 gaudeat,
1546 398 1604 453 qoaa
1619 382 1712 454 utique
1725 383 1814 454 major
1826 396 1875 441 est.

1079 469 1136 525 lloc
1150 486 1203 525 non
1222 470 1353 539 ridentes,
1376 482 1404 528 et
1422 475 1554 544 potentias
1569 475 1716 531 intuentes·
1725 474 1810 530 animi
1824 476 1874 532 lto·

1079 560 1167 626 mani,
1191 576 1367 633 magnamque
1393 564 1617 634 pulchritudinem
1639 564 1772 621 factorum
1797 576 1876 637 atque

1078 647 1221 715 dictorum,
1235 654 1338 708 etiarnsi
1352 655 1377 709 in
1389 670 1502 725 corpore
1514 656 1607 726 puduit
1619 671 1720 726 ponere
1738 674 1875 714 suutumm

1078 741 1189 826 bonum,
1206 745 1231 799 in
1248 746 1305 815 ipso
1320 754 1408 803 umen
1421 748 1512 802 animo
1535 757 1675 817 ponentes,
1690 748 1759 804 inira
1785 752 1875 820 utique

1077 844 1234 904 posueruut,
1249 852 1327 907 quam
1344 838 1387 892 ubi
1402 837 1581 894 sincerissima
1597 840 1700 894 ratione
1717 840 1872 910 ponendum

1077 931 1127 978 cst.
1147 923 1219 980 later
1232 926 1281 981 lans
1294 928 1338 997 qui
1358 928 1393 981 ita
1408 929 1527 983 sentiunt
1540 928 1611 999 apud
1632 944 1736 999 graccos
1751 931 1873 1001 pbiloso-

1077 1012 1155 1082 pbos,
1169 1026 1196 1071 ct
1207 1032 1320 1072 nuntcro
1333 1026 1360 1073 et
1373 1017 1526 1088 disputandi
1544 1020 1690 1075 subtilitate
1702 1021 1787 1077 Stoici
1805 1037 1873 1091 pro·

1075 1106 1225 1175 raltterunt,
1246 1110 1290 1178 qui
1311 1111 1439 1165 tamenin
1454 1112 1760 1183 naturalibuscorporea
1782 1117 1872 1170 omnia

1075 1210 1136 1252 esse
1155 1198 1327 1266 arbitrantes,
1343 1202 1427 1272 magis
1441 1216 1457 1257 a
1469 1216 1549 1259 caroc
1563 1217 1643 1274 quam
1656 1218 1672 1257 a
1685 1218 1800 1274 corpore
1812 1206 1872 1260 aoi-

1076 1301 1148 1341 mum
1159 1298 1440 1361 averterepotuerunt.

1111 1378 1154 1433 ld.
1176 1378 1247 1435 later
1268 1396 1315 1437 eos
1333 1390 1423 1437 autem
1437 1383 1481 1453 qui
1502 1381 1642 1439 fruendum
1655 1384 1722 1451 beo,
1742 1400 1826 1457 aquo
1844 1397 1872 1442 et

1075 1481 1125 1522 nos
1137 1476 1165 1523 et
1178 1470 1267 1523 omnia
1278 1470 1346 1525 lacta
1355 1480 1427 1538 sunt,
1440 1482 1610 1544 uuumatque
1620 1488 1754 1529 summum
1769 1475 1871 1530 bonum

1074 1568 1194 1614 nostrum
1206 1576 1265 1616 esse
1277 1561 1379 1629 dicunt,
1390 1563 1460 1634 apud
1472 1564 1532 1620 illos
1543 1565 1714 1622 eminuerunt
1725 1567 1869 1634 Platonici,

1073 1650 1185 1719 quinon
1211 1652 1345 1708 immerito
1367 1655 1530 1711 adeliciam
1546 1672 1622 1713 suum
1646 1659 1783 1728 pertinere
1798 1661 1871 1715 arbi·

1074 1741 1135 1795 trati
1150 1751 1223 1811 stant,
1237 1743 1343 1811 Stoicis,
1359 1754 1387 1801 et
1400 1747 1540 1817 Epicureis
1549 1748 1665 1804 inarime
1674 1757 1701 1804 ct
1712 1765 1796 1821 pmpe
1805 1751 1871 1807 solis

1073 1832 1182 1887 omnino
1194 1834 1330 1890 resistere.
1348 1835 1429 1892 iidem
1443 1837 1542 1908 quippe
1554 1838 1708 1895 Academici
1722 1840 1768 1911 qui
1780 1841 1870 1897 Plato-

1072 1920 1135 1989 nici,
1148 1924 1218 1992 quod
1230 1924 1309 1982 docet
1330 1927 1479 1983 auditorum
1491 1929 1547 2000 ipsa
1566 1932 1710 1987 successio.
1735 1933 1869 1988 srcesttas

1072 2016 1143 2070 enim
1158 2019 1202 2090 qui
1216 2019 1317 2089 primus
1338 2022 1469 2077 occultata
1490 2023 1621 2079 sententia
1640 2040 1701 2091 sua,
1716 2025 1783 2080 nibil
1795 2025 1869 2081 aliud

1071 2103 1137 2161 istos
1150 2123 1229 2178 quam
1243 2109 1366 2167 refellere
1392 2113 1492 2177 statuit,
1517 2127 1607 2182 quaere
1629 2114 1672 2169 cui
1686 2116 1865 2181 successerit,

1070 2193 1242 2253 Polemonem
1262 2199 1398 2268 inrcnics;
1412 2217 1502 2272 quare
1521 2203 1563 2257 cui
1579 2204 1717 2272 Polemon,
1729 2205 1867 2262 lleuocra·

1070 2294 1124 2340 tem
1139 2306 1146 2342 ι
1161 2287 1304 2344 Xenocrati
1325 2302 1414 2347 autem
1436 2292 1567 2363 discipulo
1590 2293 1762 2349 academiam
1782 2296 1865 2351 sclao·

1070 2376 1121 2432 lam
1139 2393 1214 2433 suant
1229 2379 1336 2450 reliquit
1351 2381 1436 2436 Plato.
1457 2381 1589 2449 Ottarttnm
1602 2382 1683 2453 igitur
1704 2385 1820 2455 pertinet
1831 2386 1866 2442 ad

1069 2470 1245 2536 quaestionem
1260 2470 1294 2526 dc
1311 2486 1416 2526 summo
1429 2473 1544 2530 bominis
1556 2475 1638 2540 ιιιιιι,
1654 2490 1762 2532 remove
1775 2492 1866 2547 persu-

1069 2572 1118 2613 nas
1131 2558 1278 2626 bominum,
1296 2571 1376 2633 atque
1389 2564 1473 2635 ipsam
1488 2565 1709 2638 disceptationem
1720 2570 1863 2635 constitum

1070 2648 1188 2719 pmlccto
1202 2653 1320 2722 reperies
1332 2654 1399 2710 duos
1411 2670 1515 2712 errores
1528 2658 1598 2713 inter
1609 2674 1639 2714 se
1651 2660 1764 2716 aduersa
1778 2662 1864 2718 lmntc

1069 2738 1158 2794 collidi
1174 2759 1181 2794 ε
1195 2758 1276 2796 utrum
1290 2745 1497 2801 constituentem
1513 2748 1539 2801 in
1560 2763 1683 2819 corporo,
1697 2752 1778 2807 atium
1798 2767 1863 2807 cou-

1068 2831 1220 2887 stituentcm
1236 2833 1262 2887 in
1279 2835 1368 2890 arriano
1385 2852 1517 2892 summurn
1532 2839 1640 2893 bonum.
1662 2841 1802 2897 Rationem
1817 2859 1864 2898 au·

1069 2928 1123 2977 tcm
1142 2925 1275 2990 veritatis,
1299 2944 1350 2997 qam
1372 2943 1504 2985 summunt
1527 2931 1626 2987 btrntnu
1650 2943 1770 2991 nostrum
1793 2937 1863 2992 ocus

1068 3030 1128 3070 csse
1140 3015 1303 3087 intelligitur,
1319 3016 1423 3090 utrique
1441 3021 1577 3089 resistere,
1598 3023 1710 3079 sednon
1727 3027 1801 3095 prius
1814 3027 1862 3084 dn·

1068 3116 1173 3161 ccntcm
1187 3123 1249 3162 uera
1270 3125 1349 3179 quam
1363 3126 1445 3181 prava
1467 3111 1651 3169 dedocentem.
1672 3116 1788 3187 idipsum
1802 3136 1861 3175 ror·

1067 3210 1126 3251 som
1141 3198 1273 3266 adjunctis
1288 3202 1409 3270 personis
1423 3203 1565 3269 constitue,
1585 3208 1703 3275 reperies
1715 3208 1862 3278 Epicureos

1067 3297 1095 3342 et
1108 3288 1213 3344 Stoicos
1227 3291 1296 3346 intcr
1314 3307 1343 3346 sc
1357 3294 1486 3349 acerrime
1498 3294 1673 3361 dimicantes;
1688 3312 1781 3353 corum
1799 3316 1862 3358 vero

1068 3378 1141 3435 litem
1152 3390 1280 3436 conantes
1290 3383 1435 3451 dijudicare
1446 3385 1608 3452 Platonicos,
1622 3389 1786 3445 occultantes
1801 3406 1861 3446 scn-

1068 3472 1177 3526 teotiam
1200 3473 1328 3539 recitatis,
1344 3483 1372 3529 et
1386 3475 1490 3529 illorum
1513 3492 1608 3532 vanam
1623 3478 1649 3533 in
1663 3478 1779 3536 salsitate
1793 3482 1861 3537 lidu-

1067 3561 1135 3615 ciam
1149 3563 1337 3619 convincentes·
1351 3574 1378 3619 et
1394 3565 1591 3636 redarguentes.

1104 3653 1147 3706 ll.
1168 3653 1221 3709 Sed
1235 3669 1287 3708 non
1302 3655 1370 3710 sicut
1379 3656 1415 3710 illi
1428 3673 1550 3713 errorum
1559 3662 1721 3727 suorum,ita
1732 3663 1861 3721 Platonici

1067 3756 1138 3796 uerae
1159 3744 1270 3799 rationis
1283 3760 1422 3813 personant
1438 3747 1549 3818 implere
1561 3760 1713 3820 potuerunt.
1729 3754 1860 3813 Omnibus

1067 3834 1138 3886 euim
1153 3832 1237 3888 deluit
1247 3835 1363 3891 ιιιιιιιι]ι
1380 3837 1536 3894 lattnrilitatis
1546 3843 1714 3913 eseruplum,
1728 3847 1860 3919 quodop·

1068 3924 1256 3991 portunissimo
1279 3933 1398 3996 tenmorc
1412 3944 1459 3999 per
1471 3930 1612 3987 Dominum
1634 3943 1754 3990 nostrum
1768 3938 1860 3994 lesum

1067 4012 1202 4070 Christum
1214 4017 1371 4074 illustratum
1386 4029 1441 4086 est;
1457 4023 1500 4077 cui
1512 4024 1556 4078 uni
1567 4026 1689 4095 exernplo
1701 4028 1725 4082 in
1741 4031 1860 4098 caajosats

1067 4108 1156 4162 atriolo
1172 4107 1297 4164 ferociter
1319 4113 1476 4191 arrogantis,
1496 4114 1584 4169 uronis
1598 4118 1721 4187 superbia
1738 4120 1810 4175 cedit
1833 4131 1861 4177 et

1067 4196 1197 4270 lmngitur
1209 4209 1236 4256 et
1250 4204 1387 4258 cmoritur.
1402 4204 1516 4274 ldcoqne
1529 4222 1580 4261 non
1590 4208 1708 4264 valentes
1721 4210 1757 4264 illi
1770 4222 1862 4267 aucto-

1067 4290 1145 4345 ritate
1165 4291 1255 4348 turbas
1270 4302 1433 4350 terrenarum
1454 4312 1544 4352 rerum
1572 4298 1715 4356 dilectione
1727 4304 1737 4333 ¹
1748 4314 1860 4359 caecatas

1067 4382 1100 4436 ad
1115 4382 1284 4440 irrrisibilium
1296 4386 1373 4441 iidem
1389 4385 1497 4454 ducere,
1520 4404 1579 4443 cunr
1600 4406 1645 4446 cas
1660 4392 1780 4448 viderent
1794 4395 1859 4465 Epi-

1067 4474 1156 4529 cnrcis
1167 4475 1281 4531 rtratsimc
1293 4479 1506 4533 ctrrttcotiouibus
1520 4483 1693 4545 corrrrtaovcri,
1710 4499 1761 4538 narn
1773 4485 1859 4539 ιιιιιιιιι

1067 4563 1101 4618 ιιι
1112 4564 1353 4638 ltanricndam,qno
1368 4570 1437 4624 ultro
1446 4570 1605 4637 lercbantur,
1615 4572 1661 4627 sad
1674 4576 1754 4629 etiam
1766 4575 1800 4630 ad
1811 4576 1858 4631 de·

1068 4654 1242 4712 icositaodam
1263 4660 1382 4729 corporis
1401 4662 1569 4730 coloptatcm,
1588 4673 1616 4717 ut
1631 4664 1656 4718 in
1679 4680 1710 4720 ea
1725 4680 1859 4721 suntmum

1067 4748 1166 4803 bonnam
1178 4749 1293 4806 bominis
1307 4755 1528 4822 constitueretur3
1543 4773 1590 4813 cos
1602 4770 1690 4814 autem
1705 4760 1751 4830 qui
1763 4762 1860 4818 aduer-

1068 4854 1114 4895 sus
1125 4840 1192 4897 banc
1200 4843 1362 4914 soltrptatcm
1376 4848 1480 4902 uirtutis
1489 4848 1567 4903 tante
1578 4861 1756 4917 nrcrrcrcotur,
1771 4854 1859 4909 ruirtus

1069 4930 1210 4987 diitlcultcr
1224 4948 1282 4988 caan
1297 4937 1470 5007 contemplari
1483 4938 1508 4992 in
1523 4940 1619 4994 arrianis
1632 4941 1779 5010 lrotttinnnr,
1790 4945 1860 5000 unde

1068 5023 1137 5081 iacta
1160 5028 1238 5094 laonia,
1260 5028 1408 5099 dequibus
1430 5040 1571 5101 utcumque
1590 5044 1712 5102 poterant
1728 5036 1858 5103 judicare,

1069 5117 1243 5187 proccdcrcut
1259 5135 1266 5171 ι
1281 5120 1360 5174 simul
1374 5120 1497 5176 uidebant
1517 5122 1538 5176 si
1560 5124 1601 5178 eis
1615 5136 1775 5181 corrarcntnr
1794 5129 1860 5184 inni-

1069 5225 1152 5264 nuare
1166 5210 1279 5280 aliquam
1292 5212 1507 5269 rcmdirioamet
1517 5230 1597 5286 super
1609 5219 1698 5273 onmia
1713 5220 1862 5276 incontinu-

1071 5300 1188 5367 tabilcm,
1202 5315 1262 5370 quae
1286 5302 1358 5357 nullo
1372 5304 1546 5375 attingeretur
1567 5310 1688 5372 corporis
1701 5325 1798 5378 sensu,
1813 5312 1861 5367 scd

1070 5391 1125 5446 sola
1139 5400 1227 5447 ructate
1240 5392 1441 5465 intelligeretur,
1465 5411 1525 5467 quac
1541 5398 1628 5454 tamc'n
1642 5401 1723 5453 etiam
1738 5411 1861 5458 naturam

1070 5481 1153 5553 ipsius
1167 5483 1263 5539 mentis
1274 5485 1424 5554 excederet,
1439 5503 1552 5559 cumque
1566 5506 1625 5547 csse
1638 5492 1720 5549 Deum
1737 5498 1860 5568 proposi·

1103 5616 1111 5647 ¹
1128 5620 1182 5663 blss.
1194 5614 1313 5677 quinque,
1325 5628 1396 5667 ttcrtc.

1103 5674 1113 5707 ¹
1130 5678 1184 5725 aad.
1195 5684 1246 5725 ιιιιι.
1259 5682 1309 5739 tir,
1321 5676 1485 5732 eructatione.
