3906 6390
165 308 217 366 tta
694 260 697 265 Ι
789 304 817 364 S.
838 296 1019 364 adeosttut
1039 299 1190 363 Ebtsoot’i
1754 315 1806 377 inp

200 425 227 481 8.
249 424 306 480 Non
323 426 410 496 itaque
425 418 594 480 metuendum
601 431 648 479 ¹ost
661 422 847 494 corpusculum
866 420 953 476 inlan·
1009 434 1098 475 rerum
1110 429 1202 477 natura
1215 422 1273 477 sinc
1285 422 1435 480 seminibus
1444 433 1608 495 operaturet
1621 427 1739 488 semita.
1760 432 1802 489 lile

166 514 225 580 tim,
237 529 271 570 ιιε
286 515 312 569 in
330 513 375 569 illo
388 522 475 570 tantas
485 515 493 547 ¹
502 513 574 569 'Deus
588 513 722 584 angustias
740 527 832 582 passus
845 526 905 567 esse
915 508 954 564 sl·
1009 511 1035 566 in
1051 526 1100 567 suo
1113 527 1227 585 corpore
1239 528 1365 570 numeros
1374 522 1523 586 temporum
1536 531 1736 590 mensurasque
1747 533 1802 577 ser·

163 602 266 657 dentur.
286 603 378 674 Neque
399 604 469 658 enirn
494 604 578 671 mole,
601 602 648 658 sed
667 601 764 657 uirtute
782 615 894 672 magnus
912 608 954 656 cst
1009 603 1079 657 ravit
1092 611 1210 669 aetatum,
1224 604 1340 674 qui'sibe
1354 604 1408 661 ulla
1422 605 1463 661 sui
1478 606 1657 664 mutabilitate
1671 611 1802 666 mounes

165 690 251 758 beus;
266 695 310 762 qui
322 693 485 763 providentia
498 707 545 748 sua
555 692 692 748 meliorem
705 705 813 747 sernsum
828 690 952 746 lumnien-
1006 694 1123 749 contexit
1147 694 1267 750 ordinem
1293 683 1460 751 saeculorum.
1490 695 1547 752 ileo
1568 696 1644 752 caim
1668 699 1761 755 erem
1777 701 1803 755 it

163 781 196 836 lis
211 791 238 838 et
255 784 366 854 apiculis
384 784 457 840 dedit
477 799 557 855 quam
576 783 658 839 asinis
677 792 705 839 ει
723 783 847 851 camelis;
859 782 905 854 qul
918 797 952 838 ct
1008 791 1139 853 tompore,
1155 784 1227 856 quod
1238 785 1319 854 ooepit
1331 800 1363 841 ex
1375 787 1637 855 tempore.¹lerltsm
1663 799 1758 845 autem
1777 791 1802 845 iu

160 885 246 944 grano
267 874 444 930 minutissimo
463 875 572 931 seminis
591 883 692 929 motam
711 873 831 930 liculnea
848 874 952 930 arboria
1005 872 1145 944 principio,
1158 888 1205 944 per
1219 873 1290 944 quod
1302 873 1442 930 factasunt
1456 885 1585 946 tempora,
1601 885 1713 948 tempus
1723 879 1802 949 elego

164 962 373 1033 magnitudinem
385 973 468 1032 creat,
479 980 538 1019 cum
549 979 580 1019 ex
594 964 676 1019 multo
687 963 831 1034 majoribus
843 963 952 1020 semini·
1003 978 1057 1033 qno
1070 962 1217 1034 susciperet
1228 979 1345 1032 carnem
1358 980 1410 1020 non
1421 966 1534 1034 tempori
1547 969 1631 1022 cessit
1641 976 1671 1022 ut
1682 977 1801 1023 natue·

160 1053 213 1110 bus
227 1053 306 1125 longe
319 1054 420 1110 minora
433 1055 515 1111 multa
531 1063 686 1121 nascantur;
700 1057 744 1127 qui
758 1055 882 1126 pupillam
897 1065 950 1111 tam
1004 1063 1047 1111 tur
1061 1056 1088 1110 in
1101 1070 1220 1112 carttcm.
1232 1057 1318 1113 llomo
1330 1057 1427 1128 quippe
1439 1057 1493 1113 lieo
1500 1059 1625 1124 accessit,
1634 1073 1693 1114 aon
1702 1060 1799 1116 beuta

163 1161 270 1217 parram
283 1146 376 1201 ditarit
387 1147 454 1213 acie,
468 1162 520 1219 qtta
532 1162 580 1218 per
592 1147 684 1204 oculos
696 1149 841 1213 emicante,
857 1148 882 1202 ln
897 1147 950 1203 icto
1004 1161 1034 1202 εε
1047 1148 1168 1202 recessit.

160 1235 288 1306 temporis
305 1236 401 1291 emittm
417 1251 499 1307 prope
510 1233 648 1292 dimidium
670 1238 844 1302 lustraretur;
860 1236 904 1307 qui
917 1250 949 1291 er
1038 1238 1081 1291 ll.
1100 1236 1239 1292 Sieautcm
1249 1237 1356 1306 quidam
1368 1235 1443 1291 reddi
1457 1237 1507 1291 sllri
1521 1237 1653 1295 rationem
1666 1238 1797 1310 flagitant,

161 1337 259 1396 pnueto
273 1335 300 1382 et
314 1327 389 1398 qnasi
404 1336 496 1383 centro
509 1327 623 1395 cerebri,
637 1342 732 1384 seusus
744 1342 839 1384 omnes
853 1328 949 1398 quina·
1001 1327 1134 1397 quomodo
1156 1327 1227 1381 boos
1251 1325 1350 1380 bomini
1378 1325 1524 1395 permixtus
1542 1327 1596 1392 sit,
1609 1337 1641 1382 ut
1653 1344 1709 1385 una
1723 1329 1795 1386 tieret

160 1420 197 1472 ria
220 1417 406 1475 distributione
423 1418 563 1483 dillundit;
582 1420 626 1489 qui
641 1417 739 1486 cortle,
754 1419 875 1474 membro
897 1427 949 1472 tata

157 1507 265 1578 exiguo,
277 1507 382 1562 viurlern
390 1516 494 1563 'motum
505 1522 552 1578 per
561 1508 680 1577 corporis
689 1518 784 1564 cuncta
797 1508 948 1578 dispensat:

160 1595 203 1651 bis
217 1607 297 1668 atquc
309 1597 460 1669 lrttjusmodi
475 1600 554 1655 rebus
569 1600 704 1656 insinuans
719 1615 812 1671 inagna
825 1599 859 1655 de
872 1600 950 1654 mitti-

159 1687 210 1741 mis
221 1729 228 1754 ‚
241 1689 286 1759 qui
306 1705 358 1745 non
373 1699 414 1745 cst
428 1705 524 1760 partus
537 1692 563 1746 in
576 1692 673 1761 parnis.
690 1692 747 1762 lpsa
762 1692 833 1747 ertitn
847 1692 949 1762 mapul-

160 1777 223 1831 tudo
237 1776 425 1849 mundarias,
438 1795 497 1849 quae
512 1779 598 1835 nullas
610 1781 635 1835 in
648 1789 761 1851 angusto
771 1781 852 1836 sentit
865 1796 948 1852 anqu-

159 1867 239 1933 stiaa,
253 1877 357 1925 uterum
367 1869 521 1941 virginalem
535 1886 587 1925 non
600 1870 754 1935 adventitio,
766 1870 813 1927 scd
827 1871 948 1942 indigena

158 1958 300 2028 puerperio
319 1958 467 2014 secundarit
480 1978 487 2015 :
502 1960 559 2031 ipsa
573 1960 623 2015 sibi
643 1960 759 2016 animam
776 1961 947 2028 rationalem,

157 2057 186 2102 ce
206 2063 254 2119 per
272 2050 392 2105 eamdem
416 2051 496 2106 etiam
517 2065 615 2121 corpus
635 2051 798 2121 humanum,
812 2061 950 2124 totumque

158 2138 268 2195 omnino
282 2139 416 2197 bominem
436 2143 462 2197 in
482 2142 576 2198 melius
593 2143 766 2212 mutandum,
781 2145 854 2200 nullo
869 2144 949 2201 modo

158 2227 186 2285 ln
200 2230 317 2286 deterius
334 2239 433 2288 mutatu
452 2234 601 2304 coaptauit;
616 2248 713 2290 nonten
728 2236 899 2292 humanitatis
916 2236 949 2291 ab

157 2338 191 2378 eo
204 2322 343 2394 diminutor
351 2338 500 2392 assumens,
511 2324 655 2380 diuinitatis
666 2326 690 2382 ci
702 2324 810 2397 largiter
819 2326 947 2382 tribuens.

158 2413 216 2485 ipsa
237 2415 321 2470 uirtus
347 2430 394 2485 per
417 2416 551 2471 inviolatae
574 2418 666 2472 matris
690 2418 806 2489 virginea
829 2419 947 2486 uiscera,

158 2504 277 2560 membra
292 2505 400 2561 infantis
412 2506 521 2574 edusit,
538 2523 598 2578 qum
613 2517 703 2578 postea
719 2525 765 2580 per
779 2511 867 2566 clausa
881 2511 948 2566 ostia

159 2594 279 2651 membra
290 2596 394 2665 juvenis
405 2595 551 2652 introduxit
562 2596 650 2666 (toan.
659 2612 706 2666 xx,
719 2598 776 2671 ab).
786 2599 835 2656 llic
846 2600 868 2655 si
882 2601 948 2656 ratio

158 2686 294 2755 queritur,
312 2700 365 2741 noo
384 2687 438 2742 erit
458 2687 578 2743 rttlrabile
592 2705 599 2741 :
614 2688 636 2744 si
652 2690 801 2761 exemplum
818 2692 946 2761 poscitur,

159 2790 212 2830 non
226 2776 277 2831 crit
294 2777 437 2848 singulare.
449 2774 548 2835 ὓειηιιε
561 2779 645 2835 Deum
658 2781 755 2851 aliquid
770 2797 863 2852 posse,
877 2778 948 2852 quod

160 2880 209 2920 nes
223 2865 353 2921 lateamttr
370 2868 528 2938 inuestigare
544 2883 597 2923 nou
613 2869 742 2938 possein
758 2870 854 2927 talibus
868 2871 948 2928 rebus

158 2963 212 3009 tota
225 2956 293 3011 ratio
306 2956 367 3010 iacti
380 2965 420 3012 est
430 2957 548 3027 potentia
562 2957 690 3014 facientis.

189 3042 305 3100 CAPUT
325 3044 367 3100 ill.
381 3076 416 3087 -
426 3047 453 3104 b.
467 3046 526 3103 tam
537 3047 612 3115 illud,
627 3047 697 3120 quod
710 3050 736 3104 in
749 3062 856 3108 somnos
869 3052 948 3110 solrl-

158 3141 212 3200 tnr,
225 3134 461 3203 etciboalitur,et
481 3137 714 3196 omnesbumaoos
735 3140 945 3207 setttitailectus,

46 3297 51 3303 ι
157 3222 293 3279 bominem
307 3225 447 3294 persuadet
460 3224 773 3298 bominibus,quemnoo
783 3232 948 3302 consumpsit

156 3313 257 3385 utique,
272 3313 318 3370 scd
330 3315 482 3383 assumpsit.
498 3317 567 3374 Ecce
585 3317 624 3374 sic
637 3315 735 3374 luctum
748 3328 803 3388 est3
814 3329 841 3378 ct
857 3328 946 3378 tamen

155 3406 262 3476 quidam
272 3405 399 3474 baeretici,
415 3422 540 3479 perverse
551 3408 674 3466 mirando
687 3412 871 3485 laudandoque
889 3415 947 3487 ejus

155 3495 290 3564 virtutem,
304 3505 426 3554 natorum
439 3497 583 3554 hermanum
597 3499 624 3555 ln
634 3515 667 3557 eo
679 3516 790 3573 prorsus
802 3517 947 3576 agnoscere

155 3586 307 3653 noluetum,
323 3587 368 3642 ubi
383 3595 425 3644 εει
444 3589 530 3644 omnis
544 3591 636 3660 gratia
660 3592 868 3667 conmendatio,
892 3609 958 3666 qua*

156 3675 245 3730 salros
258 3676 321 3730 lacit
333 3677 475 3734 credentes
496 3677 522 3733 in
534 3694 574 3744 sc,
589 3678 736 3749 profundos
748 3682 887 3740 thesauros
901 3698 946 3739 sa·

156 3765 263 3834 trieruie
274 3775 304 3821 et
314 3767 433 3822 scientiae
444 3771 627 3837 continens,et
638 3771 801 3831 ddementes
813 3775 944 3844 imbuens,

155 3868 222 3923 quas
235 3853 267 3908 ad
282 3863 408 3910 aternam
426 3859 676 3928 ootntemplatiortem
698 3863 818 3921 veritatis
842 3865 944 3922 incom-

157 3945 294 4000 mutabilis
315 3947 452 4016 provebat.
477 3949 545 4015 Quid
568 3949 590 4005 si
615 3949 788 4022 Omnipotens
811 3953 944 4013 bominem

155 4035 315 4106 ubicumque
328 4035 468 4093 intimatum
492 4051 543 4094 non
557 4054 591 4095 ex
606 4051 728 4097 materno
739 4053 816 4101 utero
828 4057 942 4117 crearet,

155 4125 204 4180 sed
215 4127 383 4196 rependnum
394 4126 504 4184 interret
517 4128 686 4200 aspectibus?
697 4131 761 4202 quid
775 4134 798 4190 si
810 4135 896 4192 nullas
909 4152 943 4193 er

156 4215 266 4286 paruulo
279 4216 305 4272 io
325 4217 462 4287 juvetttam
484 4227 598 4275 mutaret
621 4228 723 4286 etates,
746 4223 833 4281 nullos
851 4225 941 4290 eibos.

159 4307 247 4363 nullos
259 4317 367 4378 caperet
379 4309 506 4364 somnos?
516 4309 766 4383 Nonneopiniouem
774 4316 943 4377 conlimtaret

154 4397 265 4465 erroris,
288 4412 338 4454 nce
354 4396 489 4456 bominem
504 4416 597 4457 rerum
617 4406 766 4475 suscepisse
786 4409 843 4467 ullo
863 4413 943 4468 modo

154 4488 326 4555 eruderatum
336 4497 363 4545 et
375 4489 437 4545 dum
457 4491 546 4547 omnia
565 4492 720 4551 mirabiliter
732 4494 810 4566 lacit,
826 4499 943 4559 aulcrret

153 4576 225 4648 quod
238 4578 447 4635 misericorditer
457 4579 535 4638 ieeitl
546 4582 622 4639 Nunc
631 4600 694 4641 nero
704 4586 739 4642 ita
748 4588 907 4647 interbeum
915 4602 942 4650 et

153 4669 275 4725 immines
296 4670 427 4727 mediator
447 4674 587 4744 apportrit,
600 4684 631 4731 ut
650 4676 677 4732 in
697 4678 800 4737 unitate
821 4697 942 4754 personae

152 4762 280 4832 copulans
294 4771 434 4835 utramque
446 4774 585 4835 naturam,
599 4776 626 4823 et
639 4767 715 4824 solita
728 4771 884 4830 sublimaret
897 4775 941 4829 in·

153 4853 249 4920 solitis,
259 4861 287 4909 ct
301 4853 408 4910 insolita
423 4856 509 4912 solitis
523 4865 692 4928 temperaret.

188 4945 232 5004 lb.
252 4945 320 5015 Quid
331 4957 419 5004 antem
437 4963 489 5004 non
504 4950 601 5006 mirum
614 4950 676 5008 lacit
691 4952 760 5011 Deus
775 4954 801 5011 in
816 4957 941 5016 omnibus

152 5045 280 5094 creaturae
291 5039 417 5106 motibus,
426 5040 476 5097 uisi
488 5043 679 5100 consuetudine
690 5046 841 5115 quotidiana
850 5050 941 5108 viluis-

152 5130 230 5185 senti
254 5129 371 5200 liernique
394 5147 475 5201 quant
491 5133 573 5188 multa
587 5134 683 5190 usitata
704 5136 855 5206 calcantur,
881 5156 940 5212 qttre

151 5220 316 5276 considerata
328 5222 484 5291 stupentur!
501 5223 569 5278 sieut
588 5224 644 5294 ipsa
656 5225 697 5282 ris
717 5227 859 5295 seminum,
873 5221 941 5302 qnos¹

152 5324 278 5366 numeros
296 5310 386 5377 babet,
410 5321 437 5367 et
457 5327 539 5383 quam
558 5313 673 5383 tiraces,
696 5331 774 5386 qoam
795 5316 937 5386 elllcaces.

153 5414 231 5470 quam
252 5400 365 5456 latenter
390 5411 609 5475 potentes,quam
624 5404 651 5459 in
671 5421 752 5475 ptrro
766 5422 860 5478 magna
878 5426 938 5466 mo·

153 5489 259 5555 dientes,
273 5492 331 5562 quis
342 5492 420 5547 odeat
434 5494 534 5562 anituo,
557 5497 615 5566 quis
627 5507 733 5568 promat
745 5497 869 5569 eloquio?
892 5500 939 5558 llle

153 5580 233 5653 igitur
242 5581 291 5636 sibi
306 5581 440 5640 bominem
453 5586 511 5641 sinc
522 5589 624 5646 semiue
645 5603 769 5664 operatus
786 5604 837 5662 cst,
851 5596 895 5668 qni
911 5596 938 5653 in

182 5689 191 5723 ¹
204 5688 372 5740 borentdecim
380 5700 443 5755 tas,
452 5701 537 5746 tarum.

1003 1434 1118 1489 persona
1140 1418 1262 1484 Christi,
1285 1433 1346 1473 cum
1373 1418 1424 1474 lroc
1448 1419 1532 1474 semel
1553 1419 1611 1473 lteri
1631 1424 1796 1489 oportuerit:

1001 1511 1076 1580 quasi
1095 1511 1225 1565 rationem
1249 1510 1299 1581 ipsi
1311 1509 1425 1565 reddant
1452 1509 1486 1565 de
1504 1525 1533 1565 re
1545 1526 1604 1581 qnae
1617 1512 1739 1582 quotidie
1759 1517 1796 1582 lit,

1000 1601 1134 1670 quomodo
1149 1597 1294 1657 misceatur
1319 1602 1405 1655 anima
1427 1605 1550 1670 corpori,
1564 1609 1592 1656 ut
1613 1618 1667 1658 una
1683 1620 1796 1675 persona

1002 1690 1048 1744 ssat
1061 1691 1186 1746 bominis.
1209 1689 1276 1746 Nam
1298 1691 1367 1746 sicut
1389 1690 1415 1744 iu
1439 1691 1541 1746 unitate
1566 1706 1692 1762 personae
1709 1695 1795 1750 anima

1001 1779 1218 1850 uinitorcorporl,
1240 1778 1422 1845 utbomosit;
1445 1781 1480 1835 ita
1503 1781 1530 1835 ia
1554 1782 1658 1838 unitate
1673 1798 1795 1853 mnodo

1002 1867 1072 1923 licus
1087 1871 1176 1924 unitur
1190 1869 1300 1936 bantini,
1315 1878 1344 1924 ut
1356 1870 1478 1925 Cltristos
1490 1870 1533 1924 sit.
1557 1866 1585 1926 lo
1596 1871 1641 1926 illa
1655 1885 1723 1943 erqo
1735 1886 1795 1944 per·

1000 1974 1065 2015 sona
1083 1961 1196 2018 mixtura
1209 1968 1250 2018 est
1262 1961 1356 2016 animm
1378 1971 1405 2017 et
1417 1962 1554 2032 corporis;
1568 1959 1595 2017 ln
1611 1962 1666 2018 bae·
1681 1981 1794 2034 persona

1000 2048 1114 2105 mixtura
1127 2060 1167 2106 est
1183 2050 1229 2106 bet
1243 2058 1271 2106 et
1282 2049 1415 2106 ltotnlnis:
1429 2051 1452 2107 si
1467 2061 1554 2106 tamen
1569 2051 1679 2108 recedat
1690 2054 1794 2109 auditor

1000 2142 1216 2199 aeonsuctudine
1228 2157 1380 2215 corporum,
1392 2158 1445 2213 qua
1460 2141 1547 2198 solent
1561 2142 1616 2226 duo
1628 2144 1748 2214 liquores
1760 2147 1792 2201 ita

999 2232 1188 2299 commisceri,
1215 2241 1244 2286 ut
1267 2241 1363 2288 neuter
1387 2241 1476 2287 seruet
1498 2233 1677 2303 iutegritatem
1704 2249 1791 2300 suam;

1000 2336 1148 2393 qumquam
1162 2332 1188 2379 ct
1203 2323 1229 2378 in
1244 2322 1310 2394 ipsis
1322 2323 1480 2393 corporibus
1504 2323 1559 2378 aeri
1579 2323 1625 2379 lux
1640 2323 1791 2395 incorrupta

1000 2414 1152 2469 misceatur.
1165 2413 1238 2485 Ergo
1250 2408 1364 2483 persona
1379 2412 1502 2480 bominis,
1518 2413 1633 2468 mixtura
1642 2421 1687 2469 est
1700 2415 1792 2469 animm

1000 2505 1171 2575 etcorporis:
1186 2519 1297 2574 persona
1310 2512 1398 2559 autem
1421 2502 1529 2568 Christi,
1547 2502 1664 2559 ntixtura
1687 2510 1731 2559 est
1745 2504 1790 2558 bei

1000 2601 1028 2649 ct
1052 2593 1177 2650 bominis.
1191 2593 1257 2650 Cum
1277 2593 1348 2649 enim
1369 2592 1486 2648 Verbum
1509 2592 1555 2648 bei
1568 2593 1736 2664 permixtum
1753 2603 1793 2649 est

999 2685 1096 2739 atrimae
1104 2682 1211 2739 babenti
1226 2699 1333 2754 corpus,
1357 2683 1479 2738 simulet
1498 2682 1615 2737 animam
1629 2683 1749 2753 suscepit
1767 2690 1793 2736 et

998 2790 1106 2848 corpus.
1128 2774 1193 2831 illud
1207 2776 1325 2846 quotidie
1349 2775 1378 2830 lut
1392 2774 1424 2829 ad
1448 2773 1628 2845 procreandos
1647 2772 1790 2829 homines:

999 2866 1050 2921 boe
1063 2867 1147 2922 semel
1161 2867 1257 2921 farctum
1268 2875 1310 2931 est
1330 2865 1363 2918 ud
1376 2863 1528 2920 liberandos
1539 2862 1672 2920 homines.
1683 2863 1793 2919 Verum·

999 2963 1088 3012 tamen
1119 2956 1231 3012 duarum
1262 2970 1351 3011 rerum
1387 2954 1604 3024 incorporearum
1638 2951 1793 3008 commixtio

1002 3045 1107 3104 facilius
1121 3047 1195 3105 credi
1207 3046 1308 3113 debuit,
1318 3061 1398 3115 quam
1411 3044 1489 3099 annius
1503 3044 1677 3114 incorporee,
1692 3043 1792 3098 etalte-

999 3137 1055 3193 rius
1066 3137 1286 3208 commembro
1301 3137 1323 3191 sl
1337 3133 1465 3190 animuin
1479 3147 1526 3188 sun
1539 3140 1635 3188 natura
1647 3147 1703 3187 uou
1713 3132 1790 3186 lulla·

1000 3238 1052 3297 tur,
1069 3229 1251 3299 incorpoream
1270 3242 1300 3282 εε
1319 3241 1379 3282 εεεε
1395 3223 1618 3295 comprehcndit:
1633 3224 1718 3279 multo
1738 3239 1793 3279 ma·

998 3319 1039 3391 pis
1063 3319 1249 3389 incorporeum
1268 3326 1309 3374 cst
1326 3314 1443 3372 l'erbum
1467 3315 1526 3382 Dei,
1548 3329 1581 3370 ae
1594 3314 1792 3385 pernoctent

999 3408 1046 3464 liei
1060 3408 1194 3465 ctanimae
1205 3406 1357 3463 credibilior
1368 3403 1690 3475 debuitessepermixtio,
1714 3421 1791 3475 qtrnut

998 3490 1095 3547 animae
1108 3499 1136 3546 et
1147 3489 1279 3561 corporis.
1291 3487 1343 3545 Sed
1357 3488 1408 3543 boc
1420 3490 1447 3543 in
1458 3487 1535 3544 nobis
1545 3485 1611 3558 ipsis
1620 3488 1790 3558 experimur:

998 3579 1065 3636 illud
1078 3580 1104 3636 in
1113 3578 1222 3636 Christo
1234 3577 1344 3634 credero
1354 3577 1488 3648 jubemur.
1503 3574 1531 3631 Si
1545 3583 1635 3630 autem
1650 3586 1792 3655 utrumque

998 3671 1076 3728 nobis
1096 3672 1196 3743 pariter
1215 3671 1379 3740 inexpertum
1402 3665 1566 3723 credendum
1585 3662 1789 3736 preciperetur,

998 3763 1062 3835 qnid
1071 3762 1168 3820 borum
1179 3762 1258 3819 eitius
1271 3759 1459 3818 crederemus?
1470 3758 1610 3827 Quomodo
1623 3773 1679 3815 noo
1693 3757 1791 3815 latere.

998 3872 1058 3911 nnur
1070 3855 1124 3912 duo
1136 3856 1302 3926 incorporea,
1311 3867 1391 3925 quam
1404 3867 1485 3907 ortum
1495 3865 1655 3922 corporeum
1665 3850 1791 3906 alterutn-

996 3960 1049 4016 que
1070 3946 1255 4016 incorporeum
1277 3942 1377 4000 laeilius
1390 3942 1508 4013 potuisse
1519 3939 1644 3996 misceri!
1659 3938 1684 3995 si
1702 3948 1790 3996 tameo

996 4051 1050 4094 nou
1063 4036 1171 4108 indique
1192 4036 1226 4092 ad
1250 4035 1301 4091 ista
1322 4033 1457 4090 mixtionis
1476 4031 1520 4089 rel
1540 4032 1667 4088 mixture
1691 4047 1788 4087 nornen

996 4128 1152 4196 admittitur,
1167 4136 1273 4197 propter
1296 4122 1517 4181 consuetudinem
1545 4121 1726 4193 corporalium
1745 4137 1789 4177 re·

996 4235 1066 4284 runo,
1084 4219 1162 4290 longe
1171 4218 1247 4274 aliter
1259 4231 1289 4273 se
1304 4215 1458 4271 habentium
1473 4213 1603 4286 alitcrqoc
1617 4222 1753 4270 notarum.

1032 4308 1075 4366 lb.
1096 4308 1212 4365 Verbum
1227 4308 1306 4380 igitur
1327 4306 1385 4373 lici,
1399 4304 1524 4376 idemque
1537 4305 1584 4361 Dei
1598 4299 1700 4372 Filius,
1718 4305 1787 4362 Patri

995 4410 1155 4465 coaternus,
1169 4398 1318 4469 eademque
1329 4396 1420 4452 Virtus
1431 4403 1459 4451 et
1470 4393 1605 4466 Sapientia
1618 4395 1667 4450 liei
1684 4393 1713 4468 (Ι
1728 4394 1787 4451 Cor.

995 4508 1015 4559 r,
1031 4490 1111 4564 2t),a
1126 4503 1242 4561 superno
1255 4487 1307 4544 llue
1319 4496 1448 4543 creatura
1458 4484 1595 4542 rationalis
1607 4486 1737 4557 usquead
1751 4487 1788 4542 io·

995 4582 1087 4636 dmum
1099 4579 1178 4634 tinem
1190 4585 1320 4634 creaturae
1333 4575 1478 4647 corporalis
1486 4575 1621 4647 attingens
1634 4564 1752 4640 fortiter,
1762 4584 1788 4631 et

994 4669 1138 4741 disponens
1150 4668 1237 4723 omnia
1253 4666 1369 4722 suaviter
1385 4663 1462 4738 (Sap.
1477 4679 1534 4733 rtu,
1557 4660 1603 4732 l),
1617 4676 1739 4735 praeseus
1760 4671 1788 4720 ct

992 4762 1090 4826 latens,
1099 4774 1229 4830 nusquam
1239 4759 1374 4824 conclusa,
1387 4770 1516 4828 nusquam
1523 4752 1646 4821 discissa,
1657 4771 1787 4829 nusquam

994 4850 1105 4918 tumida,
1118 4849 1164 4905 sed
1177 4850 1235 4906 siue
1250 4850 1321 4905 molo
1340 4846 1438 4918 ubique
1455 4855 1520 4912 tom,
1541 4846 1621 4916 longe
1639 4845 1786 4901 ullomodo

993 4941 1120 5013 quodam,
1132 4955 1210 5011 quam
1227 4954 1259 4994 co
1273 4953 1326 5010 quo
1339 4937 1467 4993 creaturis
1481 4933 1586 4991 caeteris
1595 4933 1683 5002 adest,
1696 4950 1786 4991 susce

993 5037 1033 5108 pit
1041 5035 1188 5100 hominem,
1203 5047 1284 5104 seque
1298 5042 1324 5087 ct
1339 5031 1384 5088 illo
1399 5033 1408 5063 ¹
1423 5029 1486 5086 lecit
1497 5044 1578 5084 unum
1591 5027 1686 5084 lesum
1707 5025 1785 5085 cbri-

993 5137 1075 5193 stum,
1090 5125 1264 5183 mediatorem
1288 5125 1334 5180 liei
1357 5132 1384 5179 et
1407 5120 1544 5180 bominum
1567 5116 1589 5193 (Ι
1602 5116 1671 5176 Tim.
1694 5128 1725 5188 tt,
1740 5121 1783 5191 5),

992 5219 1121 5293 aequalem
1132 5217 1204 5275 Patri
1215 5216 1359 5273 seeundum
1370 5215 1545 5282 diuinitatem,
1555 5214 1687 5269 minorem
1696 5223 1783 5270 autem

992 5312 1071 5370 Patre
1081 5310 1226 5368 secundum
1236 5324 1354 5374 carnem,
1362 5308 1414 5364 boe
1423 5315 1463 5364 est
1475 5305 1620 5364 secundum
1632 5296 1782 5369 bominem

993 5401 1244 5459 incommutabiliter
1279 5399 1456 5455 immortalem
1480 5397 1628 5456 secundum
1655 5396 1782 5469 aeqtralem

992 5492 1065 5549 Patri
1076 5491 1250 5558 diriniuttcm,
1266 5488 1443 5559 eumdemque
1457 5488 1610 5545 mutabilem
1620 5497 1702 5559 atque
1711 5503 1783 5543 mun·

1022 5651 1031 5680 ¹
1044 5651 1140 5698 ιιειιεε.
1159 5645 1344 5711 septemdecim.
1357 5651 1385 5695 tt
1395 5652 1482 5696 omnes
1491 5640 1548 5695 ttttd.
1561 5641 1664 5705 babent,
1675 5653 1747 5705 mnne
1760 5646 1783 5690 tt

905 5738 909 5743 ·
990 5704 1075 5776 trent,
