3906 6390
94 269 161 326 389·

101 388 159 449 pust
173 381 241 436 banc
254 380 359 436 brevem
373 380 462 443 vitam,
479 379 528 433 boc
542 378 573 431 ad
587 387 712 433 aeteruum
726 379 812 432 ualeat
827 393 884 431 arrr-

99 486 150 525 urn
163 470 349 535 calamitatem,
365 469 434 538 quod
449 482 548 537 pauper
574 467 616 520 bic
630 468 742 530 riserit,
758 475 785 520 ιι
798 483 823 520 m
839 470 887 520 bac

99 562 156 630 ipsa
171 576 248 631 quam
265 562 291 615 iu
305 561 381 615 terris
394 559 525 630 degimus,
539 558 610 612 uuile
622 558 700 613 modo
716 558 766 612 ulla
780 557 886 613 calami·

100 660 140 705 tas
152 662 250 705 aeterna
262 665 322 706 esse
336 651 439 719 peterit,
454 663 514 704 cum
534 649 626 704 eadem
640 649 692 703 rita
714 658 813 704 aeterua
826 663 886 704 esse

99 754 151 794 nen
168 739 259 808 possit,
273 755 332 809 quae
345 753 395 796 nec
411 740 505 794 saltem
522 738 643 794 diuturna
659 747 709 805 est,
720 738 754 793 ad
769 739 884 809 quamli-

98 830 143 884 bet
156 838 261 885 autem
274 839 490 901 senectutemque
506 831 665 900 peruenerit.
682 830 739 886 lltrc
751 832 822 886 euim
836 845 885 901 pe·

101 922 152 975 tius
163 922 190 976 iu
205 922 258 976 illis
268 921 363 977 litteris
373 923 435 992 legi,
446 923 570 992 quoniam
583 923 636 977 rita
648 924 704 992 ipsa
716 937 767 993 qua
776 923 886 978 lmimur

98 1013 185 1068 breuis
199 1022 260 1081 est,
276 1013 302 1068 iu
317 1028 367 1084 qua
384 1021 411 1067 tu
424 1014 571 1080 arbitraris,
592 1023 619 1069 et
641 1013 835 1083 frequentatum
859 1013 885 1068 iu

97 1103 192 1160 litteris
203 1103 258 1173 jam
272 1119 374 1168 moues,
387 1114 513 1160 aeternam
523 1119 583 1160 esse
596 1118 674 1174 posse
688 1104 883 1160 calamitatem:

97 1202 209 1247 mortem
223 1201 311 1248 autem
324 1193 454 1247 maiorum
464 1193 583 1248 emulum
593 1207 652 1248 esse
665 1193 765 1260 bucm,
789 1193 886 1248 habeut

97 1283 203 1353 quidem
225 1292 320 1338 restra
334 1282 440 1349 littere,
452 1283 499 1338 sed
525 1298 574 1338 uec
588 1284 651 1353 ipsu
665 1298 775 1348 οιιιιιιις
792 1284 886 1354 Epicu-

96 1390 202 1431 reorum
218 1383 259 1431 cst
272 1375 368 1446 quippe
383 1376 431 1430 ista
444 1376 587 1442 sententia,
601 1376 662 1431 etsi
675 1376 717 1446 qui
730 1376 775 1431 alii
787 1384 886 1431 merta-

97 1467 149 1522 lcm
162 1467 277 1522 animant
288 1475 389 1537 partam.
405 1465 439 1521 dt
453 1466 491 1520 illi
502 1481 570 1536 quos
580 1465 682 1521 Tullius
700 1466 775 1535 quasi
789 1481 886 1522 censu-

97 1556 166 1612 lares
179 1556 349 1628 pbilosopbes
368 1555 492 1625 appellat,
505 1555 574 1625 quod
586 1570 678 1611 eorum
700 1556 886 1625 mugutpendm

95 1648 288 1712 auctoritatem,
298 1647 422 1716 quoniam
432 1661 492 1701 curn
500 1643 648 1701 ex'tremum
659 1644 728 1700 diem
739 1645 883 1716 iungimus,

95 1751 148 1790 tren
173 1737 304 1807 exstingui
318 1737 443 1802 animam,
461 1735 509 1790 sed
521 1735 651 1806 emigrare
667 1744 786 1801 cetrscut,
806 1747 833 1792 et
857 1745 885 1792 ut

94 1828 188 1883 merita
203 1843 308 1899 quoquc
320 1827 378 1897 eius
389 1837 511 1884 asserunt
521 1842 567 1881 seu
582 1826 662 1894 bona,
674 1842 721 1882 scu
735 1828 814 1893 mala,
830 1828 882 1893 rei,

94 1918 128 1973 ad
155 1917 354 1985 beatitudinem,
377 1917 418 1972 rel
437 1917 469 1972 ad
493 1918 627 1974 miseriam
642 1932 805 1986 permanere.
829 1917 884 1974 lloc

94 2011 217 2079 congruit
227 2018 254 2065 et
263 2009 371 2065 Litteris
380 2009 473 2074 sacris,
482 2023 593 2078 quarum
607 2023 649 2064 me
663 2008 741 2079 cupio
754 2008 884 2064 litterate·

96 2115 162 2155 rem.
176 2101 303 2155 lialorrrm
316 2114 380 2168 erge
396 2099 456 2154 bruis
468 2111 510 2155 ιιι
520 2115 603 2165 ιιοιι,
619 2100 665 2156 sed
678 2101 704 2155 in
717 2102 756 2156 eis
768 2116 883 2171 quorum

94 2197 178 2254 casta,
192 2189 244 2258 pria,
259 2188 354 2255 bdelis,
371 2191 497 2244 innocens
511 2189 575 2255 rita,
592 2204 644 2243 ιιοιι
658 2190 683 2245 iu
697 2191 737 2246 eis
753 2191 797 2261 qui
817 2201 884 2247 tem-

94 2278 224 2345 peralium
234 2292 364 2347 nugarum
375 2278 554 2333 etrauitatum
568 2278 711 2347 cupiditate
725 2280 880 2349 llagrautes,

92 2378 194 2422 etcum
209 2367 252 2422 bie
266 2367 316 2422 sibl
331 2367 420 2423 ieliecs
430 2367 563 2433 videntur,
579 2368 633 2438 ipsa
646 2368 788 2424 uoluntatis
799 2370 884 2440 pravi·

94 2457 885 2529 tatemisericonvincuntur,etpostmortemgrarieresnrise·

93 2547 146 2601 rias
158 2562 211 2603 neu
220 2547 318 2604 babere
326 2557 534 2612 lautumiarum
544 2548 623 2604 etiam
637 2549 736 2605 sentire
744 2560 882 2621 coguntur.

128 2639 155 2693 l.
169 2638 231 2694 Haec
243 2654 306 2709 crgo
316 2654 375 2694 eum
388 2647 415 2694 ιι
431 2640 701 2708 uestrisquibusdam,
717 2657 782 2712 quas
796 2643 883 2699 bene·

93 2729 201 2784 rabilius
222 2728 335 2794 bebetis,
348 2739 376 2785 et
390 2730 487 2785 uostris
502 2731 626 2786 omuibus
638 2732 733 2787 litteris
758 2733 882 2804 irequcn·

94 2827 191 2886 teratur,
204 2836 221 2875 o
233 2819 303 2875 bene
312 2818 423 2876 dilector
437 2820 517 2876 etiam
531 2829 644 2878 terreum
658 2823 752 2892 patriae
764 2831 826 2887 ιιι.
840 2824 883 2879 lu·

94 2911 226 2967 suriosam
246 2909 328 2965 uitam
351 2911 415 2967 time
432 2912 534 2986 civibus
557 2913 621 2978 tuis,
636 2929 688 2968 non
713 2924 881 2984 egestosam:

93 3009 138 3056 aut
148 3001 170 3056 si
183 3011 332 3072 egestosam
353 3001 438 3067 times,
453 3002 524 3057 illam
539 3004 627 3073 potius
638 3013 784 3074 egestatem
797 3020 880 3062 moue

93 3091 271 3161 devitandam,
285 3109 345 3166 qnae
364 3109 459 3166 magua
473 3096 535 3152 licet
546 3112 634 3152 rernm
645 3105 808 3153 terrenarum
820 3113 883 3169 pre·

95 3185 220 3253 speritate
229 3185 402 3254 circumfluat,
413 3188 452 3243 eis
460 3195 548 3244 umen
558 3189 738 3245 insatiabiliter
746 3189 881 3256 iubiaude,

95 3283 125 3330 ut
138 3285 286 3331 uestrorum
311 3277 428 3346 ipserum
452 3278 540 3334 verbis
556 3287 619 3333 utar
632 3287 780 3343 auctorum,
796 3293 881 3350 neque

94 3366 169 3436 copia
192 3381 279 3436 neque
301 3367 389 3435 iuopia
416 3367 553 3422 nrluuitur.
569 3366 756 3422 Verumtamen
778 3367 804 3420 iu
818 3368 880 3433 illis,

95 3457 190 3529 quibus
211 3456 369 3527 respondisti
389 3457 483 3513 litteris
508 3458 594 3522 meis,
617 3458 738 3513 inimicos
756 3457 883 3514 Ecclesiae

95 3549 168 3604 eires
194 3556 262 3614 tuos,
286 3562 336 3603 uec
358 3548 402 3604 iila
416 3556 536 3618 egestate
555 3546 610 3603 diri
634 3547 824 3614 emendandus,
838 3548 883 3604 ubi

95 3639 245 3694 ιιιιιιιιιίι
261 3648 360 3694 ιιιιιιιι
370 3638 476 3705 ιιιιιιιιι,
490 3639 534 3694 cui
548 3628 680 3694 succurrit
690 3639 881 3706 misericordia,

96 3730 130 3786 de
144 3745 194 3801 qua
205 3731 282 3787 nobis
292 3730 370 3786 etiam
382 3730 605 3800 praescribendum
615 3730 725 3800 putasti,
737 3729 807 3800 quod
821 3744 883 3800 epe-

96 3839 157 3878 rum
178 3831 328 3878 nostrerum
347 3821 398 3877 bec
416 3822 515 3878 iudicet
536 3822 615 3886 ratio,
635 3823 731 3892 quibus
754 3837 883 3892 pauperes

97 3915 269 3977 sustinemus,
282 3911 419 3968 morbidos
438 3913 576 3968 euiratiuue
597 3911 755 3975 relevamus,
772 3910 882 3968 medici·

96 4019 157 4060 ruam
167 4002 274 4059 albictis
285 4001 440 4072 cerporibus
454 4001 625 4068 adbibemus;
639 4017 789 4073 quanquam
802 4003 881 4059 etsie

80 4151 83 4157 ,
96 4108 176 4163 cgere
189 4093 280 4148 utilius
293 4091 327 4158 sit
338 4106 417 4162 quam
439 4091 472 4146 ad
488 4091 633 4147 satiandam
646 4094 791 4162 nequitiam
804 4093 884 4150 rebus

96 4183 219 4239 omuibus
239 4180 383 4237 abundare.
397 4181 450 4237 Sed
462 4181 531 4237 absit
546 4191 574 4237 ut
587 4198 637 4253 ege
660 4183 702 4238 ilia
723 4184 884 4241 coercitione

98 4272 132 4328 ad
146 4272 369 4327 liancarumuam
382 4285 429 4327 eos
442 4271 583 4342 dequibus
598 4273 710 4344 agimus,
725 4273 883 4346 redigendos

95 4378 155 4420 esse
167 4363 324 4418 censuerim.

128 4451 239 4508 corut
254 4452 349 4509 il.—5.
362 4453 481 4507 lleceusc
495 4451 632 4521 epistolam
647 4466 744 4518 meatu,
758 4451 780 4506 si
795 4460 883 4507 mmen

96 4543 203 4613 dignam
216 4541 339 4608 imbuisti,
358 4542 380 4597 si
397 4556 449 4596 neu
462 4556 540 4612 quam
551 4542 692 4612 relegeres,
704 4557 765 4596 eum
783 4542 807 4596 ei
819 4540 883 4598 iuis·

97 4640 139 4691 set
151 4633 379 4704 respondendum,
393 4633 485 4688 saitem
497 4648 578 4703 quam
591 4634 626 4688 ita
636 4649 791 4704 reponeres,
808 4645 836 4690 ut
850 4634 883 4689 ti·

95 4725 123 4780 bi
140 4724 253 4795 jubenti,
269 4739 328 4780 eum
342 4722 456 4779 uolueris
471 4723 642 4792 proterretur,
663 4733 690 4779 et
704 4725 811 4780 attende
820 4724 884 4795 quid

97 4816 227 4882 dixerim,
254 4815 305 4871 boc
329 4813 447 4885 prolecto
475 4812 613 4878 iureuiei,
633 4816 674 4870 cul
700 4823 727 4871 te
752 4830 806 4870 neu
837 4829 882 4870 ιι-

97 4904 385 4976 spondisse,quautum
408 4904 542 4968 existimo,
559 4903 673 4959 tricare.
696 4903 761 4957 liam
783 4917 815 4958 ex
828 4904 884 4973 epi·

95 4999 164 5053 stela
191 4998 235 5052 illa
262 5011 320 5053 mea
344 4998 422 5052 verba
438 5012 508 5052 nuuc
534 4996 622 5051 insere
638 5013 645 5049 ι
664 4993 725 5050 Non
745 4996 882 5068 preterito,

96 5088 218 5159 iuquam,
231 5087 380 5142 uindicando
400 5102 501 5156 parem
525 5086 590 5141 irunt
613 5094 722 5141 nostram
744 5085 882 5151 studerem,

94 5178 139 5234 sed
161 5177 355 5232 misericorditer
373 5178 400 5231 iu
425 5177 536 5246 futurum
561 5175 717 5231 consulendo
734 5175 883 5248 eotugirrtua.

80 5267 197 5341 ,tieem
211 5267 324 5324 beminen
345 5268 407 5324 ntoii
427 5268 469 5324 ubi
489 5280 513 5323 et
526 5285 570 5338 per
593 5267 750 5323 Christianos
763 5284 814 5323 non
837 5285 881 5324 ro·

97 5361 152 5417 lum
169 5370 313 5429 mansuete,
330 5377 415 5416 cerum
433 5363 507 5416 etium
524 5361 619 5415 utiliter
636 5359 817 5430 salubriterque
828 5370 884 5430 pte·

95 5459 205 5506 oturnur.
229 5449 330 5506 liorem
355 5453 421 5505 urim
440 5450 507 5520 quod
530 5466 635 5520 corpore
655 5449 774 5504 incolumi
787 5449 881 5518 oieunt,

96 5541 187 5600 hebeni
208 5543 274 5598 unm
298 5543 392 5610 oieunt,
417 5544 508 5599 bobem
534 5545 600 5600 unde
624 5546 690 5599 uteie
714 5545 807 5600 eieuut.
823 5543 882 5600 Duo
919 5618 923 5623 ⁴

96 5651 178 5696 enmu
189 5633 259 5689 anien
278 5632 337 5700 siut,
350 5639 378 5687 ιιι
398 5646 462 5705 quoe
474 5636 601 5705 poenitcot,
612 5635 679 5702 siet,
695 5634 740 5690 boc
755 5643 881 5706 optemus,

670 275 867 333 mustelam
882 278 903 334 il
923 267 1056 332 ChlSSsS
1076 267 1105 323 ΙΙ·

1672 280 1725 336 aab

940 380 995 437 lter,
1010 388 1129 444 qrtcrntuut
1146 380 1171 433 iu
1182 379 1251 434 uubis
1268 392 1314 448 cst,
1341 384 1414 438 etiem
1434 385 1546 456 intpense
1559 404 1635 458 opero
1646 389 1725 445 bustu·

939 483 1003 521 nette.
1022 468 1132 522 Tertium
1142 487 1197 525 uero
1216 473 1238 526 si
1260 473 1381 529 bertuinus
1396 478 1508 542 uoluerit,
1520 487 1638 548 tunquam
1653 488 1726 551 putre

938 559 1088 628 noxiumque
1104 576 1223 628 resecare,
1238 563 1311 618 oeldo
1331 565 1521 622 ntisericorditer
1542 568 1639 639 puniet.
1663 569 1725 627 lias

938 649 1017 704 verba
1028 665 1085 705 mea
1102 649 1125 706 sl
1134 655 1324 720 recensuisses,
1338 670 1398 710 eum
1407 656 1471 713 mibi
1479 659 1722 732 rescriberedigna·

942 738 1021 804 reris,
1034 755 1085 794 uun
1097 740 1183 796 selum
1192 742 1225 798 de
1238 751 1335 811 morte,
1343 745 1389 799 scd
1399 754 1426 800 et
1437 746 1469 800 de
1481 749 1618 804 tormentis
1630 765 1724 820 corpo·

940 826 1037 882 ralibus
1048 829 1180 886 evitandis
1200 846 1293 885 cerum
1309 848 1356 902 pre
1366 833 1461 904 quibus
1473 837 1539 907 agis,
1555 852 1603 893 uos
1613 838 1723 894 inuidio-

937 917 1002 982 sius,
1012 933 1089 988 quam
1101 919 1243 976 eissciesius
1261 923 1392 993 rogandes
1402 935 1522 995 putares;
1533 944 1645 998 quumm
1655 931 1721 996 dixi,

938 1006 1066 1063 relicuos
1080 1010 1106 1064 iu
1121 1012 1161 1066 eis
1171 1011 1272 1066 salvum
1291 1013 1436 1084 essequod
1454 1016 1600 1073 incolumes
1611 1035 1723 1091 corpore

938 1094 1038 1150 riruut.
1052 1096 1106 1152 Nec
1127 1108 1275 1168 egestosam
1290 1101 1381 1164 uitam,
1402 1111 1431 1157 ut
1453 1104 1521 1158 rictu
1542 1106 1674 1177 indigeant
1687 1109 1721 1164 ab

938 1185 998 1240 aliis
1014 1186 1157 1257 impartito,
1174 1203 1221 1259 per
1246 1205 1294 1246 nos
1313 1190 1352 1245 eis
1365 1192 1455 1262 utique
1468 1191 1642 1260 lormidarcs;
1657 1210 1722 1267 quo·

937 1290 997 1330 rum
1017 1285 1044 1330 ιι
1063 1276 1127 1331 iliud
1142 1277 1286 1334 secuudum
1301 1279 1354 1335 dini
1368 1281 1436 1337 uette
1454 1297 1502 1337 nos
1524 1284 1637 1350 saluum,
1652 1285 1722 1355 quod

938 1364 1035 1420 babent
1046 1365 1115 1422 irride
1126 1369 1226 1424 uirum.
1247 1370 1364 1426 Tertium
1378 1388 1442 1428 rere
1456 1373 1525 1442 qued
1540 1375 1638 1432 babcut
1652 1378 1722 1436 ιιιιιΙι

937 1454 1006 1510 male
1018 1456 1118 1522 uiuunt,
1144 1457 1233 1524 idest,
1248 1470 1277 1515 ut
1291 1461 1356 1517 uiiril
1368 1463 1437 1518 aliud
1456 1463 1552 1532 dicam,
1570 1476 1642 1523 eertc
1653 1469 1722 1526 unde

937 1541 1064 1599 laieorum
1078 1545 1189 1602 deorum
1199 1559 1323 1619 argentea
1335 1551 1498 1610 fabricarere
1508 1555 1658 1624 simulacra,
1674 1574 1723 1629 pre

937 1633 1033 1702 qulbus
1048 1634 1088 1689 rel
1099 1636 1246 1704 serraradis,
1261 1638 1302 1692 ιιι
1315 1639 1466 1707 adorandis,
1480 1643 1522 1698 rel
1532 1646 1660 1717 sacrilego
1670 1647 1721 1702 ritu

936 1722 1022 1777 adbuc
1037 1724 1165 1791 colendis,
1178 1742 1260 1797 usque
1272 1728 1306 1783 ad
1319 1730 1437 1786 ecclesie
1451 1733 1496 1788 liei
1515 1735 1666 1804 prosiliatur
1683 1737 1723 1793 iu·

935 1813 1068 1880 ceudium,
1084 1824 1111 1871 et
1123 1817 1380 1888 religiosissimorum
1396 1838 1540 1894 puerperam
1552 1835 1720 1884 sustentacu-

935 1905 961 1961 la
981 1905 1079 1962 iuieliei
1103 1909 1182 1979 uulgo
1203 1910 1349 1981 diripienda
1369 1915 1546 1983 prabeautur,
1565 1920 1722 1990 sanguisque

936 1994 1069 2062 lundatur,
1085 2006 1113 2053 tu
1132 1999 1176 2069 qui
1191 2009 1242 2056 tute
1256 2003 1371 2059 eettsulis
1389 2005 1499 2073 ciuitati,
1523 2024 1605 2078 quare
1627 2012 1722 2066 metuis

936 2090 1059 2157 resecari,
1074 2105 1107 2146 ue
1119 2092 1271 2149 omnimodo
1290 2094 1444 2163 impunitate
1454 2098 1601 2167 perniciosa
1622 2102 1722 2156 nutria-

937 2185 1012 2232 turct
1027 2178 1167 2235 roboretur
1177 2181 1307 2237 audaciai
1321 2183 1377 2238 lluc
1392 2185 1602 2253 trelrisedissere,
1617 2189 1722 2247 lroctlo·

935 2281 967 2321 ιι
979 2265 1169 2339 circumspecta
1180 2271 1355 2341 disputatione
1365 2274 1428 2344 quid
1441 2277 1502 2331 mali
1513 2277 1565 2342 sit;
1580 2278 1721 2351 diligenter

936 2354 1041 2410 attende
1051 2359 1121 2427 qued
1134 2358 1256 2425 dicimus,
1271 2377 1305 2415 uc
1317 2362 1343 2416 id
1358 2364 1429 2433 qued
1440 2365 1516 2421 uobis
1534 2367 1656 2437 dicimus,
1674 2386 1720 2426 re·

937 2445 976 2500 lut
996 2448 1085 2517 speeie
1107 2450 1212 2519 petendi
1226 2450 1422 2521 quodammode
1436 2457 1603 2514 accusatione
1614 2459 1719 2531 obliqua

936 2536 1053 2608 objicere
1066 2539 1191 2597 ridearis.

970 2627 997 2683 6.
1012 2629 1071 2684 Sint
1083 2630 1273 2693 bonesticires
1293 2635 1340 2703 tui,
1359 2637 1448 2706 probis
1472 2639 1600 2707 moribus,
1612 2656 1664 2696 ueu
1677 2657 1722 2698 su·

936 2720 1043 2789 perbuis
1057 2721 1223 2781 iacultatibus
1239 2742 1246 2778 z
1260 2740 1312 2781 nen
1336 2741 1383 2783 ees
1408 2729 1530 2785 velumus
1550 2731 1583 2786 ad
1604 2742 1720 2790 aratrum

934 2810 1044 2880 Quintil,
1058 2814 1126 2869 etad
1142 2813 1258 2870 Fabricii
1271 2818 1358 2872 locum
1372 2832 1421 2888 per
1442 2834 1490 2876 uos
1504 2820 1547 2875 illa
1561 2825 1721 2882 coercitione

935 2904 1122 2975 perduci.th
1136 2915 1292 2977 paupertate
1302 2909 1339 2964 illi
1349 2909 1474 2966 Romanae
1487 2913 1638 2983 reipublice
1648 2930 1721 2985 prtu-

934 2995 1006 3065 cipes
1028 3011 1082 3051 nou
1105 2996 1190 3051 selum
1214 3013 1266 3052 ιιοιι
1280 2998 1414 3055 viluernnt
1432 3001 1533 3057 ciuibus
1547 3001 1612 3069 suls,
1624 3003 1671 3058 sed
1685 3004 1721 3059 eb

935 3099 994 3139 eam
1010 3084 1116 3141 luerunt
1129 3087 1260 3157 praecipue
1274 3089 1419 3157 citeriores,
1435 3100 1461 3146 ιι
1470 3093 1562 3161 patria
1575 3094 1722 3163 gubernata·

934 3173 975 3229 dis
988 3174 1083 3244 opibus
1096 3175 1221 3244 aptiores.
1232 3174 1271 3232 Ne
1286 3177 1349 3233 illud
1363 3178 1469 3248 quidem
1481 3189 1654 3250 optamusaut
1666 3183 1722 3254 agi·

934 3277 1004 3328 mus,
1019 3272 1047 3317 ut
1060 3263 1151 3333 patriae
1166 3273 1216 3319 tum
1229 3263 1356 3322 divitibus
1370 3267 1440 3323 illius
1460 3267 1557 3324 liuiiiui
1569 3270 1610 3325 bis
1622 3287 1721 3326 cousu-

934 3351 968 3407 lis
988 3352 1091 3423 argenti
1111 3354 1196 3409 solum
1216 3354 1309 3410 decem
1337 3356 1425 3426 ponde
1448 3360 1635 3425 muraneaut¹;
1651 3360 1721 3431 qued

936 3451 998 3497 tuuc
1011 3443 1177 3500 laudabiliter
1199 3459 1291 3500 severa
1305 3460 1416 3503 censura
1437 3446 1522 3502 adbuc
1546 3450 1720 3506 resecandum

937 3542 1063 3603 tauquam
1081 3535 1173 3590 uitium
1196 3535 1333 3607 judicarit.
1353 3538 1465 3593 Tantum
1486 3554 1535 3594 uos
1559 3542 1722 3598 consuetude

935 3622 1065 3678 decoloris
1078 3625 1164 3679 aetatis
1177 3626 1286 3680 nimium
1299 3627 1429 3683 marcidas
1441 3629 1545 3686 animas
1556 3630 1646 3686 mitius
1654 3646 1719 3688 con·

934 3720 1047 3767 treetare
1060 3714 1210 3782 persuadet,
1225 3723 1254 3770 ut
1267 3716 1462 3772 mansuetudini
1477 3717 1638 3787 christiana,
1651 3722 1722 3792 quod

935 3801 987 3858 illis
1000 3803 1157 3859 censoribus
1173 3804 1272 3874 justum
1288 3806 1373 3860 risum
1388 3815 1439 3873 est,
1452 3808 1561 3863 trienium
1581 3810 1720 3866 rideatur:

935 3905 962 3950 et
974 3894 1047 3951 rides
1068 3911 1147 3966 quam
1162 3896 1273 3951 multum
1288 3897 1401 3963 intersit,
1417 3907 1503 3954 utrum
1516 3899 1570 3970 jam
1593 3904 1722 3972 puuicmie

934 3985 1011 4055 culpa
1021 3987 1055 4041 sit
1068 3992 1169 4041 tautum
1183 3986 1291 4049 babere,
1306 4003 1339 4042 an
1354 3997 1460 4059 propter
1477 3992 1542 4047 alias
1553 3994 1723 4063 grauissimas

937 4076 1039 4146 culpas,
1054 4084 1085 4133 ut
1096 4086 1197 4133 tautum
1210 4079 1270 4149 quis
1284 4078 1381 4135 babeat
1394 4081 1563 4150 permutem
1577 4085 1646 4154 qued
1660 4094 1723 4144 tunc

932 4166 988 4237 jam
998 4165 1202 4238 luitpcecatum,
1214 4183 1284 4223 nuuc
1296 4169 1416 4224 velumus
1428 4171 1463 4224 sit
1473 4171 1564 4226 saitem
1575 4188 1650 4242 pmcn
1662 4191 1723 4243 pec·

935 4259 996 4313 cati.
1012 4256 1065 4314 Sed
1085 4267 1125 4313 est
1141 4259 1211 4329 quod
1231 4259 1287 4315 lieri
1309 4261 1391 4330 pessit
1405 4269 1432 4315 et
1445 4261 1548 4326 debeat,
1574 4272 1601 4318 ut
1616 4280 1665 4320 nec
1679 4282 1723 4322 us·

935 4364 988 4419 que
1006 4349 1040 4403 ad
1055 4349 1105 4404 ista
1123 4350 1306 4420 progrediatur
1320 4352 1458 4418 seueritas,
1473 4368 1524 4408 uec
1536 4353 1614 4410 uiruis
1627 4370 1732 4413 ιιιιιιι-

935 4439 1076 4494 tuteturet
1085 4439 1262 4497 debaccbetur
1272 4442 1427 4511 impunitas,
1437 4453 1465 4499 et
1475 4443 1627 4501 imitationis
1637 4463 1723 4505 exent-

936 4528 1009 4599 plum
1023 4528 1056 4584 ad
1068 4530 1239 4600 gravissimas
1252 4540 1279 4586 et
1300 4532 1493 4587 occultissimas
1507 4550 1598 4606 poeuas
1611 4537 1722 4594 iulclici-

935 4618 986 4673 bus
996 4628 1166 4690 proponatur.
1182 4619 1283 4677 Saltem
1293 4622 1410 4678 cencede
1423 4632 1452 4678 ut
1464 4624 1573 4680 nimium
1583 4630 1724 4696 superfluis

935 4708 991 4764 suis
1015 4709 1134 4776 timeam,
1150 4709 1194 4780 qul
1208 4712 1359 4768 necessaria
1370 4721 1461 4768 uestra
1477 4715 1618 4771 incendere
1630 4733 1661 4773 ae
1674 4735 1721 4774 ra-

935 4807 1007 4855 stare
1032 4799 1186 4855 moliuntur.
1202 4800 1293 4856 Liceat
1318 4812 1344 4857 et
1369 4801 1421 4858 bec
1434 4803 1590 4861 benebcium
1606 4809 1723 4866 tribuere

936 4889 1049 4944 inimicis
1063 4891 1171 4958 nostris,
1182 4899 1211 4946 ut
1223 4890 1286 4946 dum
1303 4901 1423 4948 metuunt
1444 4895 1524 4950 rebus
1535 4911 1600 4965 quas
1615 4898 1722 4956 noxium

936 4998 989 5038 nou
1003 4984 1183 5049 estaurittere,
1201 4982 1272 5054 quod
1287 4985 1336 5040 sibi
1352 4986 1459 5041 iterium
1473 4996 1514 5042 est
1528 5003 1579 5043 ιιοιι
1594 5001 1723 5050 conentur

935 5074 1085 5131 admittere.
1101 5074 1190 5147 Neque
1205 5076 1277 5131 enim
1292 5076 1349 5133 bace
1361 5078 1473 5134 dicenda
1482 5089 1523 5135 est
1538 5080 1651 5137 uindicta
1664 5098 1724 5153 pec·

935 5166 998 5234 cati,
1012 5165 1060 5223 sed
1074 5166 1155 5222 tutela
1177 5167 1297 5233 censilii;
1310 5182 1362 5224 uon
1375 5178 1417 5224 est
1435 5170 1486 5226 bec
1499 5171 1617 5242 irrigare
1629 5175 1723 5244 suppli·

935 5258 1016 5324 cium,
1029 5256 1077 5313 setl
1090 5256 1124 5312 ab
1136 5257 1290 5328 saepienda
1304 5258 1432 5339 supplicio
1445 5262 1619 5318 communire.

970 5351 998 5407 t.
1012 5351 1130 5420 Quisque
1144 5349 1340 5422 impmdentem
1355 5366 1417 5407 cum
1430 5352 1519 5422 alique
1531 5367 1611 5411 sensu
1625 5354 1724 5412 doloris

936 5442 1032 5512 privat,
1048 5457 1082 5497 ne
1095 5441 1267 5511 superuacuis
1290 5440 1433 5497 seeleribus
1454 5441 1617 5499 asstretactus
1633 5460 1723 5514 pretim

938 5531 1117 5587 atrocissimas
1128 5529 1244 5601 pendat,
1256 5544 1340 5602 puero
1352 5531 1461 5600 capillos
1474 5530 1557 5601 uellit,
1568 5550 1602 5591 uc
1613 5547 1720 5601 serums-

969 5644 977 5675 ¹
990 5649 1056 5700 ter..
1065 5637 1226 5708 urgentiruiru
1237 5639 1387 5706 decerpendo
1398 5649 1526 5698 renuneot.
