3906 6390
227 227 280 283 siti

230 341 342 396 humano
356 336 450 392 merito
464 333 652 399 dilectissimo,
668 330 799 400 digneque
817 323 964 380 honorabili
986 334 1013 377 ct

265 426 431 498 srrscipiendo
445 425 499 479 blio
512 425 661 488 Casronro,
682 422 793 476 Aturrus
807 427 834 472 ct
848 418 1012 472 hcaosrtaus

265 521 291 574 in
306 517 416 573 botnino
429 514 550 570 salutem.

265 611 290 664 l.
306 607 410 662 Molitus
423 613 464 660 cst
484 603 589 674 qnidam
603 598 769 655 aduersarius
782 594 1010 658 Christianorum,

227 714 274 770 per
287 698 471 754 cbarissinnrm
484 703 562 763 atquc
583 691 762 746 dulcissimum
788 688 868 740 iillum
892 693 1011 740 nostrum

227 791 335 846 lettrern
350 798 422 841 tumn
432 828 438 850 ,
450 784 592 839 crittrrrtice,
605 781 697 847 nantel,
712 792 828 850 peresos
840 778 866 830 in
876 775 1012 829 heredita·

227 889 280 934 lem
292 878 389 933 Christi
404 875 437 930 ab
460 872 628 928 eslraercdata
651 868 806 940 praecisione
826 866 955 936 fugientes
968 865 1012 933 pio

225 969 285 1023 sitru
298 966 429 1035 suscepit,
444 961 695 1034 periculosissimum
717 957 868 1013 scandalum
890 969 1010 1011 commo·

225 1072 302 1123 uere;
313 1055 422 1125 cripiens
436 1043 555 1109 uidelicet
565 1050 734 1106 serenitatem
746 1046 833 1118 gaudii
845 1045 936 1109 nostri,
951 1059 1010 1113 que

226 1147 302 1203 nohis
323 1147 356 1201 alc
371 1147 441 1200 borao
453 1156 548 1199 restra
560 1139 743 1196 conversionis
759 1139 850 1193 oborta
866 1145 922 1198 est,
939 1134 1009 1190 lteris

225 1236 374 1293 innubilare
387 1234 501 1289 tristitia.
524 1232 576 1287 Sed
592 1231 717 1285 Dominus
737 1228 807 1282 bens
827 1233 916 1281 noster
929 1225 1009 1279 misc·

224 1327 309 1383 rlcnrs
321 1334 348 1381 et
361 1325 512 1388 miserator,
526 1323 667 1378 consolans
680 1319 801 1384 alhlctos,
816 1317 935 1372 nutriens
948 1329 1009 1386 pnr-

225 1419 319 1485 rnlos,
343 1432 438 1472 curans
460 1416 593 1478 inilrmos,
614 1412 713 1466 adhoc
731 1425 792 1465 cnm
811 1407 908 1478 aliquid
929 1421 1008 1477 posse

225 1509 360 1581 permisit,
380 1514 476 1560 utrem
498 1509 642 1559 correctam
666 1500 747 1555 multo
768 1498 880 1567 amplius
902 1497 1007 1551 letare·

225 1614 303 1665 mur,
327 1612 404 1667 ortam
426 1595 580 1650 dolebamus
592 1591 725 1646 alilictam.
751 1590 839 1658 Longe
852 1595 893 1643 est
912 1586 1009 1657 quippe

223 1688 364 1760 gloriosius
377 1688 543 1757 episcopatus
563 1684 691 1757 sarcinam
705 1689 812 1752 propter
827 1678 953 1733 Ecclesiae
966 1677 1008 1730 ri·

217 1776 304 1835 mado
316 1776 430 1847 pericula
442 1773 610 1843 deposuisse,
626 1786 703 1841 quiam
716 1775 821 1840 propter
835 1765 947 1837 regenda
960 1779 1008 1835 pn-

223 1865 363 1921 bemacula
373 1864 533 1931 suscepisse.
549 1860 593 1914 llic
603 1860 699 1929 quiippe
711 1873 741 1913 se
755 1856 893 1921 bonorem,
903 1855 925 1909 si
936 1854 1008 1924 pacis

225 1955 293 2011 ratio
306 1961 455 2024 pateretur,
470 1952 549 2022 digne
562 1951 682 2019 accipere
699 1946 817 2017 potuisse
829 1945 1007 2009 demonstrat,

222 2045 268 2116 qrti
283 2050 419 2113 acceptum
431 2057 482 2095 non
492 2039 607 2096 delendit
623 2038 739 2107 indigne.
755 2036 844 2091 villota
856 2034 1006 2104 argolicus,

224 2137 303 2191 ctiam
318 2150 363 2203 prr
371 2131 478 2187 lratrcnr
489 2141 571 2193 ιιιιιιιι,
583 2128 665 2183 saliunt
681 2134 799 2182 nmirum
810 2125 1010 2190 Maximianum,

224 2223 366 2279 ostendere
382 2221 495 2276 inimicis
507 2218 632 2275 Ecclesia
648 2216 829 2282 emeseni
843 2214 1006 2270 uisceribus¹

221 2315 293 2386 ejus,
309 2315 352 2384 qrri
365 2329 417 2368 non
431 2327 477 2367 sua
490 2318 618 2382 quaeraris
634 2307 681 2364 scd
692 2323 751 2378 quar
763 2307 825 2363 lesu
839 2305 945 2362 Christi.
956 2305 1008 2360 No·

221 2421 273 2476 qtae
286 2405 357 2461 enim
381 2403 445 2458 illud
460 2401 633 2458 ministerium
648 2399 853 2468 dispensationis
866 2398 1007 2468 mysterio·

222 2514 281 2554 rum
295 2498 359 2562 bei,
379 2497 463 2550 rictus
476 2495 560 2564 aliqua
576 2491 698 2547 seculari
718 2490 861 2561 cupiditate
872 2488 1005 2551 deseruit,

222 2587 271 2644 scal
285 2587 395 2658 paciliea
419 2593 556 2655 permotus
571 2583 667 2654 pietate
686 2581 824 2651 deposuit,
847 2594 881 2635 ne
899 2588 1007 2649 propter

221 2677 280 2746 ejus
300 2676 426 2730 honorent
443 2672 511 2730 lmda
526 2682 553 2727 ct
567 2671 730 2742 periculosa,
745 2677 791 2724 aut
803 2668 915 2724 tortasse
927 2668 1006 2723 etiam

221 2764 411 2835 perniciosam
427 2762 551 2817 salembris
573 2759 671 2815 Christi
695 2758 824 2813 dissensio
843 2767 1004 2812 nasceretur.

220 2854 289 2924 Quid
301 2854 373 2909 enim
383 2863 452 2909 esset
466 2852 561 2908 caecius
575 2859 601 2907 ct
614 2850 686 2906 omui
697 2848 880 2905 exsecratione
891 2849 1003 2919 dignius,

215 2962 299 3018 rpmm
319 2955 426 3016 propter
439 2944 564 3001 Ecclesiae
577 2942 713 2999 catholice
727 2955 817 3011 pacem
830 2940 945 2996 schisma
959 2940 1005 2996 de·

219 3052 324 3102 serere,
340 3044 367 3091 ct
381 3036 463 3104 ipsam
477 3048 569 3104 meent
584 3031 739 3087 ertttottcarn
754 3031 863 3086 hlruoris
875 3031 917 3086 sui
931 3046 1004 3100 qtae·

219 3126 306 3183 stiotte
317 3125 443 3182 turbere?
457 3124 524 3193 Qrtld
538 3124 607 3181 enim
622 3123 790 3188 laudabilius,
810 3131 835 3178 et
854 3122 1004 3178 christianae

218 3217 339 3273 charitati
353 3215 564 3278 commodatius,
580 3230 658 3283 quarn
673 3213 797 3269 derelicta
810 3214 1002 3268 botratistarum

221 3321 319 3363 resana
334 3305 473 3376 superbia,
490 3305 524 3358 ita
536 3304 681 3360 hereditati
695 3303 792 3358 Christi
809 3302 942 3359 cohaerere
954 3345 961 3368 ,
975 3312 1003 3359 nt

218 3399 396 3455 testimonium
413 3397 582 3458 humilitatis,
597 3410 689 3451 amore
707 3395 862 3465 probaretur
873 3395 1003 3450 unitatis?

218 3487 309 3560 ltaque
322 3497 448 3558 quantum
461 3487 493 3541 ad
508 3486 592 3557 ipsum
606 3486 715 3549 attinet,
737 3485 805 3540 sicut
822 3498 883 3540 enm
901 3485 1002 3555 gaude·

218 3595 278 3635 mus
290 3581 367 3635 talem
382 3580 531 3644 inreritum,
555 3586 583 3631 ut
596 3576 666 3647 qarod
685 3577 711 3630 in
724 3576 781 3645 ejus
799 3576 878 3632 corde
898 3576 1002 3632 divinus

218 3682 307 3722 sermo
319 3666 475 3731 acdiilcarit,
491 3680 656 3736 nequisquam
672 3672 813 3734 tempestas
824 3665 903 3737 bajus
915 3674 1002 3722 tenta-

218 3756 299 3811 tionis
313 3764 445 3812 everteret
459 3773 466 3808 ε
482 3755 521 3811 sic
540 3764 662 3825 optamus
675 3764 702 3811 ct
714 3755 887 3826 deprecamur
909 3773 924 3812 a
947 3758 1000 3813 ilo-

217 3844 307 3909 mino,
323 3852 350 3897 nt
360 3844 531 3914 consequenti
546 3844 599 3897 rita
614 3852 641 3899 et
655 3844 773 3899 moribus
785 3845 839 3899 suis
850 3847 933 3916 magis
945 3861 1002 3901 ma-

216 3933 308 4003 gisque
321 3932 453 4000 declaret,
467 3948 544 4004 quiam
567 3933 635 3989 bene
656 3941 780 4004 gesturus
803 3933 913 4003 luisset,
929 3938 1008 4008 quod·

217 4022 334 4093 prolecto
355 4030 461 4094 gereret
480 4023 502 4079 ιι
526 4021 577 4078 boc
597 4023 766 4093 oportuisset.
788 4023 957 4080 lletribuatur
974 4028 998 4082 ei

218 4127 267 4182 pax
291 4122 392 4168 artenia
407 4128 465 4183 quae
476 4112 605 4183 promissa
627 4124 667 4169 est
688 4112 834 4191 Ecclesia,
856 4115 901 4185 qui
919 4115 997 4171 intel-

111 4249 125 4258 .
216 4203 281 4260 lesit
302 4203 352 4259 sibi
374 4218 427 4260 nou
445 4203 571 4275 expedire
592 4203 662 4273 quod
689 4203 747 4274 paci
770 4218 822 4258 non
844 4204 999 4276 expediebat

217 4292 353 4349 Ecclesiae.

249 4383 278 4438 ι.
292 4383 331 4437 'lu
344 4396 423 4449 rere,
438 4381 650 4444 micturiente,
664 4397 717 4439 non
729 4381 862 4439 mediocre
874 4385 996 4454 gaudium

217 4479 354 4538 nostrum,
369 4471 414 4540 qtri
428 4470 499 4524 nialla
511 4471 554 4525 tali
568 4472 726 4527 necessitate
738 4487 753 4526 a
765 4473 933 4542 suscipiendo
943 4476 997 4544 epi-

215 4568 324 4632 scopato
341 4558 494 4629 impediris,
509 4557 585 4614 decet
604 4559 717 4614 indolem
730 4569 801 4615 tuam
813 4562 918 4617 Christo
931 4566 956 4619 in
971 4574 997 4621 tc

203 4648 303 4708 'dicare
312 4648 382 4721 quod
394 4648 476 4705 dedit.
492 4648 624 4720 ingenium
638 4651 816 4728 quippe-tuum
827 4694 835 4718 ,
846 4653 994 4723 prudentia,

214 4740 380 4812 eloquentia,
395 4739 510 4810 gertus
521 4780 528 4805 ,
540 4739 684 4805 sobrietas,
697 4751 723 4797 et
735 4750 830 4797 cetera
843 4743 938 4815 quibus
950 4762 995 4801 ot·

214 4839 311 4887 riantur
321 4843 411 4886 mores
422 4829 469 4893 tui,
479 4829 623 4897 donasunt
635 4827 691 4886 bei.
707 4830 755 4887 Cui
766 4833 993 4903 meliusserrirnn,

211 4935 292 4991 spiram
304 4920 328 4976 ei
347 4934 362 4973 a
384 4934 437 4989 qrro
452 4919 548 4973 tributa
563 4927 640 4985 sunt,
663 4928 692 4975 ut
710 4929 737 4977 ct
750 4921 948 4991 custodiantur,
967 4935 994 4982 et

211 5020 373 5082 sergeantur,
388 5018 415 5064 et
438 5009 623 5080 perileiantur,
649 5017 676 5065 ct
698 5015 918 5071 rentrmerentnri
935 5014 993 5072 Non

212 5100 329 5155 serviant
348 5099 411 5154 huic
434 5098 546 5160 seculo,
570 5114 604 5152 ιιιι
620 5110 762 5154 vanescant
777 5116 836 5156 eum
851 5103 897 5159 illo
914 5114 993 5176 atquc

214 5182 374 5252 dispereant.
388 5182 446 5238 Non
461 5181 506 5236 diu
520 5191 606 5237 tecum
620 5182 645 5235 ιιι
657 5182 707 5237 hoc
718 5184 848 5254 egelidum
861 5189 991 5256 norimus,

212 5281 308 5343 quanta
328 5272 453 5328 facilitate
473 5271 625 5328 consideres
635 5286 696 5341 spes
710 5273 825 5328 inanium
840 5274 990 5345 hominum,

210 5369 238 5416 ct
250 5361 412 5418 insatiabiles
431 5363 605 5432 cupiditates,
619 5374 646 5418 et
658 5363 782 5419 incertam
798 5366 888 5425 riam.
899 5371 992 5440 bbjice

211 5452 337 5527 igiturex
353 5459 444 5515 aninlo
457 5459 585 5530 quidquid
605 5472 718 5517 terrare
728 5471 809 5530 atque
819 5457 893 5515 laisa
906 5458 993 5515 lelici-

248 5567 257 5599 ¹
270 5567 339 5631 Lan,
352 5567 480 5623 visceribus
492 5570 581 5624 cartas·
600 5584 659 5642 cras.
671 5572 703 5627 At
715 5586 728 5624 ι
739 5572 798 5624 iles.
813 5572 884 5624 abest
896 5570 985 5628 carini

856 211 884 269 S.
906 208 1086 269 ahctsttnt
1105 208 1251 273 Etlscocl

1796 222 1848 280 bid

1064 328 1125 382 tatis
1139 331 1333 399 capet-tatione
1348 321 1504 401 concepe’ral
1517 351 1523 386 :
1544 346 1653 403 optemre
1666 331 1692 390 ln
1705 350 1769 405 agro
1782 335 1846 401 bet,

1064 417 1108 470 ubi
1120 427 1209 471 certeis
1219 429 1257 473 cst
1270 419 1381 482 lractus,
1396 422 1440 476 arbi
1457 431 1509 476 tam
1520 424 1602 477 multa
1614 434 1687 478 tanto
1700 433 1761 479 ante
1774 440 1848 481 conr·

1063 507 1133 576 pieta
1155 518 1216 563 srrnt
1234 512 1381 580 prontissa,
1398 522 1426 566 nt
1444 528 1474 567 ea
1488 529 1546 583 qliae
1565 523 1666 569 restant
1680 516 1847 573 insanissime

1063 595 1246 666 desperentur.
1269 599 1444 655 Obsecrarnus
1461 610 1487 657 tc
1507 618 1556 672 per
1568 603 1667 658 Christi
1681 604 1846 661 divinitatem

1063 694 1090 742 et
1109 689 1312 753 humanitatem,
1332 707 1481 763 perpacem
1493 694 1608 749 celestis
1624 694 1694 749 illius
1713 696 1846 761 civitatis,

1063 778 1131 832 unde
1145 781 1342 850 peregrinantes
1351 782 1440 836 lalmrc
1448 783 1585 852 temporali
1595 793 1720 838 amrinum
1727 785 1845 853 tetradem

1062 881 1261 938 comparamus,
1283 880 1313 934 ut
1326 873 1351 926 in
1364 874 1516 942 episcopatu
1533 872 1704 942 ιἰςιιιιιιιιιιί
1718 875 1845 929 Ecclesiae

1061 955 1135 1012 lratri
1150 967 1211 1026 tuo,
1225 975 1278 1014 non
1293 962 1467 1031 ignominiose
1479 961 1601 1030 cadenti,
1615 962 1661 1018 sed
1676 962 1790 1033 gloriose
1797 978 1845 1018 ee-

1061 1046 1132 1103 deuti
1152 1050 1289 1106 succedas.
1313 1051 1390 1105 Plebs
1404 1050 1448 1105 illa
1467 1052 1508 1107 cui
1527 1066 1574 1120 per
1594 1061 1665 1106 tuam
1679 1062 1794 1106 merram
1812 1068 1846 1107 ac

1061 1136 1176 1209 linguam
1189 1138 1266 1195 donis
1285 1141 1330 1195 bei
1352 1138 1518 1196 fecundatam
1532 1149 1558 1195 ct
1571 1150 1690 1195 ornatam
1711 1143 1844 1197 uberrima

1060 1225 1220 1283 incrementa
1232 1244 1387 1299 speramus,
1404 1231 1430 1285 in
1450 1240 1476 1286 to
1500 1231 1628 1301 intelligat
1648 1232 1755 1286 lratrem
1768 1240 1844 1286 tuuru

1059 1329 1113 1371 non
1126 1331 1174 1386 pro
1186 1333 1233 1373 suu
1248 1319 1368 1386 desidia,
1384 1320 1429 1374 sed
1452 1334 1500 1389 pro
1513 1322 1571 1389 ejus
1587 1335 1650 1389 pace
1664 1321 1758 1376 iecisse
1771 1324 1843 1390 qrrou

1059 1406 1129 1462 lecit.
1148 1407 1209 1462 llaec
1219 1409 1329 1479 epistola
1342 1408 1525 1463 mandarimus
1535 1419 1563 1464 ut
1573 1409 1619 1464 tibi
1634 1426 1684 1463 non
1699 1411 1843 1480 legeretur,

1059 1496 1110 1551 nisi
1128 1510 1189 1552 cum
1204 1504 1230 1552 tc
1245 1497 1299 1566 jam
1315 1506 1437 1552 tenerent
1447 1498 1543 1567 qrribus
1556 1513 1586 1553 es
1600 1500 1774 1554 necessarius.
1788 1499 1844 1554 Nais

1058 1585 1128 1639 enim
1144 1593 1169 1640 lc
1187 1585 1331 1655 spiritualis
1350 1585 1448 1641 amoris
1468 1586 1573 1641 siricolo
1587 1595 1723 1652 tenemus,
1739 1589 1800 1657 qula
1815 1598 1844 1643 ct

1059 1685 1150 1731 nostro
1172 1678 1284 1748 collegio
1306 1678 1416 1733 multum
1430 1692 1460 1734 cs
1480 1679 1653 1734 necessarius.
1678 1679 1732 1733 Cur
1753 1688 1841 1734 antero

1058 1766 1138 1830 etiarn
1163 1769 1327 1837 corporalem
1351 1769 1518 1840 presentiam
1547 1785 1599 1823 non
1628 1768 1841 1833 exhibuerimus,

1058 1867 1150 1928 postea
1161 1860 1240 1915 scies.

1283 1969 1445 2026 sctsiota
1465 1971 1536 2028 iiix
1551 1972 1620 2045 ·(e).

1057 2077 1247 2136 Donatistarum
1270 2077 1410 2138 Catholicae
1429 2084 1569 2139 traditionis
1587 2085 1785 2139 insimulantium
1806 2095 1843 2140 tc-

1092 2175 1193 2228 ntcritas
1205 2175 1288 2244 prodit
1297 2191 1350 2229 cese
1358 2175 1384 2229 in
1397 2191 1472 2229 caasa
1482 2174 1607 2230 Feliciani
1618 2176 1649 2230 alr
1660 2177 1721 2247 ipsis
1732 2178 1842 2246 primurm

1092 2266 1233 2320 solemniter
1245 2266 1367 2331 damnati,
1380 2283 1411 2321 ac
1428 2269 1551 2337 postcom
1566 2268 1659 2323 leonorc
1674 2286 1719 2323 sao
1739 2272 1840 2339 recepti.

1059 2356 1171 2413 Domino
1185 2358 1355 2414 dilectissimo
1367 2368 1394 2414 ct
1408 2358 1553 2414 honorabili
1563 2358 1637 2414 tratri
1651 2359 1841 2427 Naucruom',

1280 2470 1393 2525 Aturrus
1405 2478 1431 2527 ct
1443 2471 1618 2528 hocasrrnus.

1094 2585 1120 2638 l.
1141 2583 1208 2639 Cum
1226 2583 1360 2638 retulisses
1378 2583 1453 2638 nobis
1467 2584 1557 2654 qrrida
1574 2583 1664 2654 patre¹
1676 2595 1767 2640 nostro
1781 2586 1840 2640 Cla-

1057 2673 1142 2728 rentio
1161 2687 1317 2742 responsum
1336 2671 1425 2740 luerit,
1442 2672 1468 2727 td
1481 2684 1531 2741 est,
1551 2673 1585 2728 dc
1602 2672 1733 2729 Feliciano
1750 2674 1843 2728 llusti·

1057 2775 1119 2821 tana
1132 2780 1184 2820 non
1195 2780 1257 2820 eunt
1270 2779 1390 2835 negasse,
1400 2774 1424 2820 ct
1436 2764 1586 2820 damnatum
1598 2767 1630 2821 ab
1642 2765 1714 2835 ipsis,
1726 2774 1753 2821 et
1765 2777 1840 2835 post·

1056 2870 1088 2910 ea
1108 2856 1134 2910 in
1156 2855 1256 2911 bonore
1274 2871 1322 2910 suo
1339 2866 1483 2926 receptum,
1507 2855 1553 2911 sed
1571 2856 1737 2911 innocentem
1760 2854 1841 2911 lesisse

1055 2945 1218 3010 damnatum,
1237 2945 1406 3025 quiaabscns
1423 2945 1510 3008 luerit,
1524 2954 1552 3000 et
1566 2946 1701 3002 absentem
1716 2959 1745 3001 sc
1759 2945 1841 3000 luisse

1055 3036 1221 3105 probaverim
1239 3037 1289 3093 boc
1300 3037 1422 3104 dicimus,
1436 3045 1464 3092 ut
1481 3036 1515 3092 ad
1530 3037 1580 3093 boc
1595 3038 1763 3107 respondeat,
1778 3041 1839 3109 qrria

1055 3138 1109 3180 non
1118 3125 1316 3181 licuitdamnari
1331 3126 1485 3193 inauditum,
1494 3142 1572 3196 quem
1583 3128 1750 3183 innocentem
1759 3128 1841 3186 luisse

1055 3217 1106 3289 ipsi
1119 3217 1199 3272 modo
1213 3216 1313 3283 dicunt,
1327 3217 1371 3286 qui
1381 3232 1440 3272 eum
1452 3216 1653 3272 danrnarcrunt.
1665 3219 1715 3271 hut
1727 3233 1790 3288 erpo
1803 3218 1840 3274 in·

1053 3321 1154 3364 nocens
1167 3307 1286 3363 damnari
1300 3322 1351 3361 non
1363 3306 1461 3372 debuit,
1474 3315 1519 3361 aut
1531 3321 1629 3362 nocens
1639 3307 1720 3378 recipi
1733 3309 1839 3364 damata-

1054 3408 1097 3456 tus
1113 3414 1166 3454 non
1186 3399 1285 3455 debuit.
1308 3398 1335 3454 Si
1359 3399 1486 3460 irrrroeens
1503 3407 1624 3468 receptus
1640 3410 1691 3463 est,
1711 3400 1839 3457 irrrloeens

1054 3489 1191 3545 damnatos
1208 3498 1265 3555 cst;
1286 3489 1308 3542 si
1324 3501 1421 3541 nocens
1434 3486 1573 3543 damnatus
1586 3496 1636 3551 est,
1648 3503 1746 3544 nocens
1761 3505 1838 3546 reee-

1053 3588 1113 3650 ptus
1122 3589 1172 3636 cst.
1183 3579 1211 3636 si
1224 3578 1388 3644 nesciebant,
1398 3577 1442 3647 qui
1454 3577 1525 3631 illum
1536 3577 1736 3647 damnaremur,
1749 3589 1838 3637 ιιιιιιιιι

1054 3671 1180 3725 innocens
1191 3668 1280 3735 luerit,
1291 3667 1418 3738 srgrmntli
1432 3676 1493 3722 snm
1509 3669 1673 3734 temeritatis,
1685 3671 1746 3740 quia
1760 3672 1837 3727 inan-

1052 3759 1146 3826 ditum,
1161 3760 1338 3821 innocentem,
1352 3757 1386 3812 dc
1400 3773 1452 3827 quo
1466 3759 1628 3825 nesciebant,
1641 3760 1768 3816 damnare
1777 3762 1837 3818 nusi

1052 3857 1129 3913 srrnt;
1141 3855 1169 3903 et
1182 3847 1214 3902 do
1227 3847 1349 3917 praesenti
1363 3846 1432 3902 lacto
1444 3847 1613 3918 intelligimus
1622 3849 1714 3905 eadem
1730 3852 1837 3907 temeri-

1052 3945 1107 3992 tate
1119 3935 1179 3990 illos
1196 3934 1336 4015 damnasse
1354 3935 1434 3989 etiam
1448 3936 1598 4005 superiores
1610 3952 1677 4007 erras
1690 3939 1837 3994 traditionis

1052 4026 1163 4081 crimine
1182 4024 1382 4080 irriamarerunt.
1399 4023 1427 4079 si
1446 4025 1516 4080 etaim
1531 4025 1614 4094 potuit
1632 4027 1666 4082 ab
1678 4027 1742 4098 ipsis
1755 4027 1835 4084 ιιιιιο·

1052 4130 1116 4170 cens
1136 4114 1265 4178 damnari,
1287 4122 1428 4183 partrrcrunt
1450 4114 1483 4169 ab
1504 4115 1568 4185 ipsis
1590 4115 1729 4173 traditores
1753 4118 1833 4173 etlam

1050 4207 1101 4263 dici
1114 4206 1159 4278 (ιιι
1171 4221 1224 4262 oon
1233 4215 1309 4262 erant
1320 4204 1469 4262 traditores.

1084 4295 1111 4350 Ξ.
1132 4295 1231 4351 beindc
1240 4294 1308 4350 idern
1322 4293 1470 4350 Felicianus
1481 4292 1661 4352 damnatussh
1673 4297 1737 4367 ipsis
1749 4300 1833 4354 mrrlro

1051 4396 1169 4456 tempore
1182 4401 1242 4443 cerm
1260 4385 1416 4440 llanirniano
1431 4387 1650 4449 communicarita
1664 4385 1687 4441 ιι
1703 4386 1832 4445 innocens

1080 4497 1137 4547 ¹ttic
1150 4499 1175 4548 lu
1191 4503 1245 4545 tiss.
1265 4494 1339 4566 salle.
1355 4500 1382 4545 et
1399 4493 1600 4546 sanilonomen
1616 4495 1746 4559 legendum
1757 4498 1831 4562 alirpn

1048 4564 1144 4623 putant,
1159 4557 1295 4621 ιιαιιιιιιιιιιι
1308 4567 1317 4606 .·
1329 4562 1379 4606 tum
1388 4554 1589 4628 quiasiclcgitur
1599 4557 1661 4619 apud
1672 4558 1832 4632 ttilerltanunr

1047 4615 1831 4785 ciconas...

1047 4742 1355 4874 summates..
1393 4745 1831 4860 ,ausaausa

1047 4862 1305 4977 acassam
1313 4867 1541 4984 assitme
1553 4859 1748 4971 ‘nimiis
1759 4873 1830 4972 tac

1046 4987 1119 5037 misni
1129 4985 1196 5038 erede
1207 4985 1296 5049 agitur,
1317 4981 1491 5054 ιιοιιιιιιιιιιιι2
1510 4955 1635 5091 pinnatam
1645 4981 1830 5045 ιιιιιιιιιιιιιιιιιιι

1045 5059 1074 5098 re
1084 5050 1192 5106 erimus,
1201 5058 1272 5123 quam
1283 5052 1447 5132 amptarnmrs
1455 5056 1505 5094 suls
1526 5055 1582 5093 acts.

1076 5106 1403 5237 ⁸²¹¹{rli‘tlrorrrsh'elmlurnd1issu‘s
1423 5165 1573 5227 saspimntm
1593 5161 1726 5226 legendum
1741 5165 1793 5224 bie,
1813 5179 1829 5215 s

1044 5229 1121 5292 {latre
1131 5237 1212 5280 nostro
1221 5227 1347 5286 clarentio,
1362 5233 1501 5275 nouantem
1511 5234 1540 5276 ιιι
1556 5224 1619 5286 apud
1634 5232 1699 5287 lem,
1715 5234 1828 5290 spatam

1044 5291 1134 5402 iiiii
1145 5286 1632 5415 maisil‘liiliiaiidihii
1648 5292 1702 5337 ¹¹³⁵·
1719 5287 1757 5338 ὼ·
1769 5296 1794 5338 ⁰²
1803 5303 1826 5337 l·

1137 5386 1144 5410 ι
1391 5385 1396 5396 ·
1531 5382 1539 5407 ι
1630 5383 1635 5394 ·

1075 5432 1128 5481 'nd
1137 5430 1234 5481 codices
1244 5430 1283 5480 cb.
1295 5442 1333 5480 rc.
1346 5442 1370 5480 r.
1383 5434 1470 5481 ettor.
1482 5429 1602 5479 recensita
1615 5434 1662 5479 est.

1074 5515 1110 5575 (a)
1123 5513 1185 5563 ,ilias
1203 5513 1246 5563 ιιι
1261 5517 1427 5573 :cremantem
1447 5510 1478 5561 io
1495 5512 1564 5568 elai,
1581 5521 1644 5557 nuuc
1658 5510 1714 5558 till.
1731 5506 1828 5570 Scripta

1044 5574 1348 5636 iurtsclrcaboctempus.
