3906 6390
76 363 142 421 tone

75 481 225 548 iussumque
241 473 415 530 corrtmentitiis
434 472 529 526 sucritis
550 470 695 526 electionem
717 469 764 524 liei
784 469 863 541 subji-

73 572 142 622 ciunt
153 608 161 631 ,
174 575 203 621 ut
216 566 275 636 qrrirs
290 564 418 635 preterita
432 577 482 616 non
499 569 614 623 erutam,
629 559 731 629 futura,
746 573 803 627 que
814 572 864 611 nou

74 658 124 711 siut
139 657 236 726 tuturo,
250 655 415 723 confiaqaut,
430 665 543 723 nonoque
552 648 622 719 apud
635 649 692 702 itios
705 646 865 702 absurditatis

74 764 179 820 qerrere,
193 757 216 800 ct
227 763 276 800 uon
286 745 384 816 aqcnda
394 744 509 815 prescita
518 751 578 806 strrt,
593 749 615 795 ct
625 740 740 811 prescitn
752 748 865 793 tranacta

75 838 135 893 ιιιιι.
154 836 227 890 tiore
242 851 303 890 sone
316 834 348 888 de
367 834 483 888 bumanis
497 832 592 886 meritis
612 831 794 903 prescientiam
806 827 863 893 Dei,

75 926 211 982 secundnm
221 943 296 998 quam
310 926 392 997 qratia
404 923 515 978 uocantis
524 933 659 991 operetur,
674 919 753 975 muita
764 919 811 974 sibi
824 936 866 974 ra·

75 1017 220 1072 tionabitias
232 1017 347 1071 ridentur
367 1024 493 1079 astruere,
516 1029 573 1067 cnm
589 1010 623 1064 ad
634 1008 866 1064 earnrnuationum

75 1109 310 1180 contemptationem
329 1109 442 1173 oenitnr,
465 1121 521 1177 que
533 1105 571 1160 oet
584 1105 611 1158 in
623 1101 755 1175 preteritis
767 1099 866 1156 secutis

76 1201 186 1255 dinrisse
203 1208 261 1255 snut
283 1198 379 1269 inqredi
393 1198 446 1250 rias
461 1213 531 1264 suos,
546 1194 584 1249 cei
596 1210 662 1248 nune
672 1207 768 1263 quoqne
781 1191 866 1244 adbuc

76 1295 103 1347 in
117 1292 204 1346 ueteris
220 1291 370 1362 iqrrorarnie
389 1289 518 1359 impietate
531 1288 683 1358 depereunt,
705 1300 750 1338 nec
764 1283 818 1338 ntia
831 1283 867 1338 eis

76 1395 122 1440 aut
143 1384 217 1457 Leqis
238 1392 281 1437 aut
305 1381 435 1451 Euarrqeiii
456 1378 608 1435 ittuminatio
630 1377 786 1441 coruscooit,·
809 1392 867 1430 cum

77 1482 172 1542 maren,
180 1475 207 1529 in
216 1483 339 1546 qnantum
351 1469 555 1544 predicatoribus
570 1469 659 1523 ostium
672 1475 787 1538 apertum
799 1475 868 1521 estet

76 1567 117 1621 oia
130 1569 198 1638 [acta
210 1573 256 1631 cst,
274 1564 383 1634 qentium
396 1561 521 1632 poputus,
541 1558 583 1629 qui
606 1557 706 1612 tedebat
722 1557 748 1611 in
761 1555 868 1610 tenebris

76 1665 100 1711 ct
110 1655 232 1711 inumbra
246 1656 347 1721 orastis,
364 1651 445 1706 tucern
459 1643 547 1706 uiderit
559 1665 675 1721 maqnam
691 1647 765 1721 (isai.
779 1663 823 1714 ιι,
837 1646 866 1712 2,

76 1755 100 1802 et
116 1745 210 1800 iiotttr.
222 1760 266 1811 ιι,
283 1733 347 1816 ιιι);
368 1743 446 1808 etqui
459 1742 586 1813 quandam
600 1757 649 1794 non
664 1739 786 1811 papatus,
802 1754 867 1793 nnuc

76 1849 160 1896 autem
173 1838 282 1912 poputns
294 1837 339 1891 Dei
349 1836 398 1903 sit,·
412 1843 435 1891 et
445 1851 551 1906 quorum
565 1833 702 1905 aiiqnando
716 1849 766 1886 nou
779 1831 868 1885 miser·

77 1944 117 1991 tus
137 1944 191 2000 est,
213 1923 280 1988 nunc
302 1942 386 1986 outern
408 1930 554 1985 misereatur
567 1926 645 1999 (Osee
658 1943 675 1982 ιι
688 1969 695 1995 ,
710 1926 761 1992 23,
773 1925 827 1990 et,
845 1935 868 1979 et

78 2026 155 2081 Rom.
169 2039 197 2080 ιι
207 2065 214 2091 ,
225 2023 273 2095 ιι)
290 2040 295 2076 :
310 2022 429 2094 preoisos
442 2019 557 2090 inquiant
569 2036 584 2072 a
595 2017 705 2072 Datrriuo
719 2015 867 2080 credituros,

77 2117 147 2172 etad
161 2130 361 2186 unamquamque
379 2122 474 2184 qentem
493 2113 528 2167 ita
541 2113 685 2182 dispensata
707 2117 819 2180 tempora
838 2123 869 2162 oc

79 2206 217 2262 ministerio
230 2205 424 2276 rrmqistrorum,
440 2211 466 2255 ut
479 2212 598 2257 exortura
613 2210 664 2255 erat
679 2199 801 2266 borracum
815 2214 869 2252 cre·

77 2296 172 2352 dutitos
188 2295 344 2350 voluntatum
359 2311 367 2350 z
384 2309 429 2348 nec
447 2293 565 2347 auctitare
582 2289 666 2355 ittnd,
683 2288 749 2362 quod
773 2308 782 2340 ι
801 2287 870 2343 Dent

79 2402 164 2440 oannes
184 2385 319 2440 transiness
336 2384 394 2438 oetit
411 2400 420 2435 r
435 2382 516 2438 sataos
536 2380 592 2450 pieri
602 2422 609 2446 ,
630 2389 653 2434 ct
674 2380 700 2434 in
718 2379 870 2450 aquitianem

68 2476 188 2530 ¹ueritatis
199 2476 282 2531 uenire
296 2495 305 2527 ι
324 2474 344 2546 (t
360 2473 428 2529 Tim.
454 2489 483 2538 ιι,
497 2471 544 2546 ι);
561 2469 871 2543 qnnrrdpquidcmineecu·

76 2565 168 2622 sabiies
181 2568 231 2622 sint
250 2566 331 2636 quiet
349 2565 384 2620 ad
403 2566 479 2619 unius
499 2564 549 2618 aeri
565 2562 611 2616 tici
629 2562 723 2617 ruitum
744 2560 870 2631 potuerint

77 2656 168 2710 instrui
189 2655 354 2725 intettiqentia
373 2653 500 2718 staturati,
516 2661 539 2706 et
560 2650 726 2722 annqctium
745 2649 801 2704 idco
820 2666 870 2704 nan

68 2746 286 2819 perimuntque
299 2761 343 2799 uec
354 2745 447 2818 fuerim
460 2737 591 2813 recepturi.

114 2839 141 2894 6.
156 2836 210 2893 Pro
227 2838 340 2892 uuioerso
360 2846 444 2890 antem
457 2836 567 2890 bumana
581 2849 670 2905 qenere
683 2843 807 2887 mortuum
819 2848 872 2888 esse

77 2929 215 2986 bantinum
229 2938 342 2985 nostrum
352 2928 440 2985 iesum
452 2926 589 2993 Christum,
601 2935 625 2980 et
638 2928 759 2980 neminem
768 2940 872 2997 prorsus

77 3038 94 3075 a
107 3021 276 3093 redemptione
290 3020 420 3093 sanquinis
433 3020 487 3092 ejus
504 3028 649 3090 exceptum,
661 3017 758 3072 etiamsi
773 3032 871 3071 animm

78 3113 144 3168 bone
156 3113 233 3167 uitam
246 3110 444 3186 uticuissimaqab
455 3127 483 3165 ea
493 3119 575 3164 mente
586 3116 758 3179 pertranseat;
770 3106 872 3176 qnioud

78 3219 165 3258 amores
189 3203 301 3257 tramites
321 3202 444 3273 pertineat
465 3200 557 3254 dioiue
577 3197 755 3252 misericordiae
775 3195 871 3251 Sacra·

78 3302 189 3348 mentum
203 3307 273 3363 :quo
286 3290 342 3344 idea
363 3291 465 3362 plurimi
477 3307 527 3344 non
547 3298 705 3355 renouentur,
725 3288 787 3359 quia
804 3287 872 3358 quod

79 3399 125 3438 see
138 3382 252 3437 renouari
261 3381 323 3434 oette
332 3380 449 3443 babeant,
461 3388 660 3450 prenoscantur.
677 3376 776 3448 itaque,
791 3394 871 3450 quau-

79 3470 263 3527 tumadtieurn
272 3471 388 3543 pertinet,
402 3468 516 3524 ontrribus
524 3477 639 3539 paratam
649 3467 725 3521 citam
736 3477 872 3534 eternam,·

79 3572 201 3634 quantum
211 3571 293 3616 autem
302 3560 336 3613 od
346 3558 443 3614 arbitrii
453 3558 605 3623 libertatern,
620 3558 652 3610 ab
662 3556 701 3611 tris
714 3571 769 3610 earn
778 3572 872 3627 appre-

80 3652 173 3716 tendi,
190 3651 232 3722 qni
246 3648 301 3705 ibeo
315 3657 404 3720 sponte
418 3647 584 3713 crediderint,
604 3657 628 3700 et
647 3647 771 3701 auuiiinru
784 3645 873 3718 qratie

80 3745 168 3798 ureito
182 3741 335 3796 eredutitutis
346 3740 495 3811 acceperint.
514 3737 547 3794 tn
562 3739 635 3793 istaut
647 3753 704 3793 uero
715 3736 772 3791 tatis
785 3737 874 3808 qratie

80 3833 287 3907 predicationem
307 3832 351 3899 tri,
370 3847 477 3903 qnorum
498 3830 694 3885 contradictione
708 3827 871 3897 offendimur,

80 3940 139 3980 curn
157 3926 227 3997 prius
244 3925 348 3979 metiora
364 3925 502 3991 sentirent,
522 3923 578 3977 ideo
597 3939 624 3978 sc
638 3922 675 3977 oct
689 3923 797 3977 macine
810 3937 872 3977 con·

81 4019 209 4085 tuterunt,
230 4017 289 4088 quia
305 4016 327 4070 si
342 4017 516 4087 profiterentur
527 4013 558 4068 ab
572 4031 601 4069 ea
611 4014 696 4069 omnio
710 4011 774 4068 bona
783 4011 873 4069 merita

82 4108 226 4182 preveniri,
241 4116 265 4162 ct
277 4106 308 4161 ob
317 4107 374 4178 ipsa
384 4117 410 4159 ut
421 4106 518 4179 possint
529 4121 591 4172 esse,
605 4105 696 4162 donari
703 4123 714 4173 ,·
728 4107 874 4162 necessitate

82 4198 245 4254 concederent
262 4196 342 4252 Deum
361 4197 498 4251 secundum
521 4197 677 4266 propositum
695 4205 719 4250 ot
739 4196 874 4251 consitium

81 4287 216 4342 ootuntatis
229 4303 291 4351 sne,
306 4287 403 4342 occuito
409 4287 517 4358 judicio,
533 4295 555 4342 et
566 4287 790 4359 operemanitesto,
802 4286 874 4343 atiud

82 4394 125 4432 uas
147 4378 254 4433 eandm
267 4379 294 4432 in
309 4378 446 4446 bonorem,
474 4378 545 4433 atiud
560 4378 587 4431 in
606 4379 873 4453 contnrtrrtiotr13quia

80 4484 156 4522 scaro
171 4466 220 4521 nisi
232 4483 277 4539 per
285 4467 394 4538 qratiam
400 4467 571 4538 justificetur,
589 4477 612 4523 et
625 4485 696 4524 numo
710 4468 758 4525 nisi
772 4468 798 4524 in
808 4485 874 4541 pre-

82 4557 235 4612 varicatione
247 4568 375 4612 narratur.
390 4557 443 4612 Sed
457 4548 584 4630 retuqiuut
593 4559 662 4613 istud
675 4560 760 4633 scoteni,
774 4561 873 4618 diuino·

83 4664 131 4719 que
148 4647 289 4703 adscribere
309 4648 380 4720 operi
401 4660 546 4705 sartctorum
558 4651 646 4705 merita
659 4653 813 4722 tornridonu
829 4671 873 4711 nec

82 4738 242 4809 acquiescunt
262 4738 465 4811 predestinatum
477 4740 612 4796 eiecturum
625 4760 756 4798 nanterum
769 4761 813 4800 uec
824 4761 873 4800 au·

82 4833 136 4904 peri
151 4848 223 4902 posse
235 4848 279 4887 nec
293 4831 386 4901 minus,
401 4848 432 4886 ne
445 4831 528 4887 toesm
540 4835 610 4905 opud
625 4835 740 4906 inqidetes
749 4853 778 4891 ac
791 4838 872 4910 nepti-

81 4933 166 4995 qentes
178 4923 362 4978 cobortontium
375 4923 539 4979 incitamenta
551 4942 602 4980 non
611 4924 728 4993 babeaut,
743 4945 773 4983 oc
785 4946 875 5001 super·

81 5016 135 5087 qiua
155 5018 187 5071 sit
205 5017 337 5072 industrie
356 5032 387 5070 ae
409 5015 502 5071 ioboris
524 5016 645 5086 indictio,
670 5020 743 5091 cujus
762 5020 874 5076 studium

82 5106 318 5162 rummesiectioue
327 5105 501 5178 bertrandum
510 5106 543 5160 sit
554 5108 608 5161 :ita
619 5108 720 5163 demum
726 5111 792 5164 enim
800 5126 874 5183 posse

83 5212 280 5268 ununquemque
292 5198 326 5252 od
337 5198 515 5253 correctionem
527 5208 571 5253 ast
583 5199 617 5253 ad
626 5201 767 5272 protectum
776 5205 871 5272 uocari,

83 5285 106 5339 si
119 5300 146 5338 se
170 5286 233 5341 scitu
253 5303 300 5342 sua
314 5288 444 5360 ditiqentia
459 5289 550 5344 bonnm
564 5307 617 5345 esse
628 5307 718 5361 posse,
735 5303 760 5348 et
771 5293 873 5351 tibertu-

83 5386 132 5430 tem
144 5393 217 5431 suam
230 5378 261 5432 ob
277 5378 324 5434 boc
337 5379 386 5435 Dei
402 5381 498 5436 nuntio
517 5381 672 5454 jurandam,
687 5386 790 5457 siquod
804 5387 873 5446 Deus

82 5468 196 5531 merendae,
210 5468 320 5541 eteqerit.
334 5473 370 5526 Ac
383 5472 437 5541 sie,
451 5489 509 5528 meu
521 5474 548 5529 in
560 5474 599 5530 tris
608 5475 650 5546 qui
662 5485 761 5548 tempus
770 5495 873 5552 occepe-

82 5559 235 5615 ruuttibere
247 5558 456 5638 retinuitque
469 5565 519 5620 sint
531 5581 587 5637 qne
596 5568 872 5640 bumanamoperentus

81 5651 203 5716 satutem,
217 5649 265 5706 Dei
274 5651 366 5708 sciticet
380 5656 462 5727 qratia
471 5667 496 5712 et
510 5656 620 5713 bominis
630 5658 789 5728 obedientia,·
802 5662 872 5734 pria·

82 5757 135 5797 reor
150 5739 235 5797 coirent
252 5741 417 5800 obedientiario
429 5763 482 5802 esse
495 5763 573 5819 qnam
584 5749 710 5822 qratiam,
730 5761 757 5807 ut
771 5752 869 5810 initiunt

657 355 894 414 eutsrouuuuu
914 355 1049 426 cnissis
1063 356 1106 412 ιιι.

1639 359 1708 419 toas

917 471 1004 526 saiutis
1018 488 1050 526 ec
1058 488 1087 525 co
1099 472 1141 540 qui
1153 472 1275 540 saiootur,
1288 489 1338 528 nou
1350 490 1382 528 ec
1394 473 1583 532 corrodendum
1596 476 1629 531 sit
1642 487 1708 534 stare

917 561 960 628 qui
972 561 1062 626 satoat,
1078 571 1101 616 et
1113 563 1227 617 ooiuntas
1241 562 1447 620 trontiuisdioine
1458 565 1547 636 qrotie
1560 567 1607 622 sibi
1621 567 1706 636 petas

920 664 1008 718 opem,
1022 667 1072 704 non
1085 651 1168 721 qratia
1178 650 1226 706 srbi
1239 653 1375 708 trnmanam
1388 654 1505 725 subjiciat
1524 655 1688 712 ooiuutotens.

952 741 980 795 't.
1001 738 1076 805 Quod
1084 755 1141 794 cum
1153 742 1363 812 perversissimum
1378 760 1439 810 esse,
1454 743 1578 799 reseiante
1592 743 1640 800 oet
1653 749 1706 802 rni·

917 829 1065 896 sericorrtia,
1080 839 1105 885 et
1114 831 1251 886 instruente
1264 848 1309 886 nos
1323 843 1365 886 tua
1378 832 1537 889 beatitudine
1548 837 1707 902 nicoenum:

919 932 1053 989 possumus
1066 917 1166 989 quidem
1175 919 1209 972 ud
1221 936 1271 974 non
1283 921 1433 976 credendum
1446 928 1710 993 esseconstontes,sed

918 1007 953 1061 ad
964 1010 1137 1064 auctoritatem
1147 1009 1209 1064 tatia
1221 1012 1380 1068 sentientium
1390 1030 1531 1069 nonsnruus
1542 1032 1615 1086 pares
1629 1031 1638 1071 .·
1650 1017 1711 1086 quia

918 1096 1025 1151 muttum
1036 1114 1082 1153 nos
1094 1107 1117 1152 et
1128 1099 1186 1153 oite
1199 1099 1292 1155 meritis
1304 1101 1466 1170 antecettunt,
1482 1111 1505 1158 et
1518 1104 1597 1175 ntiqui
1611 1121 1709 1172 eorum,

919 1188 1009 1256 adopto
1023 1205 1103 1258 nuper
1122 1205 1220 1244 sumruo
1235 1191 1368 1246 sacerdotii
1379 1190 1487 1258 bonore,
1507 1195 1709 1264 supereminent5

920 1292 965 1330 nee
979 1277 1054 1346 tacite
1078 1277 1210 1350 quisquam
1230 1289 1321 1351 meter
1335 1297 1429 1350 paucos
1441 1285 1559 1354 perfecte
1571 1286 1660 1356 qratie
1671 1287 1712 1341 in·

920 1365 1030 1439 trepidos
1041 1377 1176 1434 amatores,
1189 1376 1258 1423 tanto
1269 1362 1427 1441 cupersanum
1440 1371 1651 1443 disputationibus
1663 1393 1712 1432 au·

920 1473 962 1512 sus
975 1467 1009 1512 est
1023 1460 1156 1513 contraire.
1170 1458 1267 1530 Ecqua
1279 1477 1329 1515 non
1340 1461 1471 1516 sotumtrie
1485 1464 1529 1534 qai
1542 1481 1584 1519 eos
1593 1466 1711 1535 audiunt,

920 1563 1005 1602 serum
1019 1549 1094 1603 etium
1107 1549 1168 1619 ipsis
1176 1551 1218 1621 qui
1232 1551 1380 1619 audiuntur,
1395 1568 1453 1606 cum
1466 1553 1628 1625 diqnitatibus
1637 1558 1715 1612 creuit

921 1641 1078 1710 perieuiam,·
1096 1641 1156 1694 duna
1171 1651 1194 1696 et
1208 1642 1300 1697 sinaitas
1313 1645 1450 1698 reuerentia
1463 1660 1550 1700 eornm
1564 1656 1610 1701 aut
1628 1647 1713 1703 inutiii

920 1728 1016 1784 cobibet
1028 1729 1137 1797 sitentio,
1153 1741 1197 1784 aut
1211 1730 1338 1787 incurioso
1351 1733 1420 1788 ducit
1432 1750 1553 1802 ossensu;
1565 1744 1589 1791 et
1601 1737 1717 1794 tutuder-

920 1821 1013 1874 rimum
1021 1821 1083 1890 ipsis
1097 1821 1193 1876 uidetur
1207 1822 1275 1892 qaod
1287 1840 1349 1893 pene
1361 1824 1457 1879 nuttius
1468 1826 1666 1897 contradictione
1677 1845 1715 1884 re·

921 1912 1094 1983 pretenditur.
1111 1911 1195 1979 itude,
1209 1914 1269 1985 quia
1281 1914 1307 1968 in
1322 1914 1523 1986 istispetaqione
1536 1917 1714 1988 pruritatisre·

924 2001 1008 2072 tiquits
1028 2018 1079 2057 non
1093 2003 1225 2057 mediocris
1243 2004 1382 2059 oirutentie
1397 2005 1462 2075 fibra
1472 2008 1592 2077 nutritur,
1606 2009 1629 2064 si
1640 2011 1715 2082 prin·

921 2094 1015 2162 cipium
1024 2093 1112 2148 satutis
1124 2094 1189 2148 orate
1201 2095 1228 2148 in
1235 2095 1335 2150 bomine
1350 2097 1507 2163 reticeatur:
1528 2099 1551 2154 si
1564 2099 1657 2157 dioine
1668 2117 1713 2157 so·

922 2183 1014 2238 tuntati
1033 2184 1109 2255 impie
1131 2185 1245 2240 ootuntas
1258 2186 1368 2241 trumana
1392 2192 1536 2261 prefertur,
1551 2198 1579 2244 ut
1592 2191 1649 2247 ideo
1658 2192 1715 2263 quis

920 2274 1054 2346 adjuretur
1066 2276 1126 2347 quia
1139 2275 1227 2344 notuit,
1243 2293 1293 2331 non
1306 2278 1361 2334 ideo
1373 2281 1433 2350 quio
1445 2280 1589 2353 adjuratur,
1604 2284 1717 2350 seiten

922 2366 1078 2437 oriqiuatiter
1091 2367 1173 2422 neotus
1184 2367 1349 2440 receptionem
1361 2371 1419 2424 boui
1430 2387 1482 2426 non
1495 2389 1512 2426 a
1525 2389 1621 2429 ruarmo
1633 2373 1710 2440 bono,

922 2459 967 2513 sed
979 2475 995 2513 a
1008 2460 1140 2530 seruetipso
1154 2460 1273 2517 inctroare
1285 2462 1351 2516 nraie
1363 2463 1493 2530 creditur;
1507 2464 1530 2519 si
1543 2465 1646 2521 otiunde
1658 2465 1715 2521 Deo

923 2553 1045 2624 ptocetur,
1059 2555 1108 2609 nisi
1119 2571 1150 2610 er
1159 2572 1188 2610 eo
1197 2557 1264 2626 quod
1275 2557 1330 2626 ipse
1341 2556 1471 2612 donauerit
1485 2571 1495 2612 .·
1509 2558 1589 2613 tribue
1601 2558 1673 2614 nobis
1687 2561 1714 2616 irs

923 2644 971 2697 itae
983 2660 1071 2710 causo,
1092 2661 1158 2715 papo
1168 2646 1317 2712 beatissime,
1334 2655 1404 2715 pater
1422 2650 1524 2717 optime,
1538 2649 1716 2721 quanturnp'u·

924 2744 996 2790 osnte
1010 2733 1119 2789 Domino
1130 2745 1209 2806 potes,
1224 2735 1380 2808 ditiqentianr
1394 2737 1494 2808 pietatis
1509 2747 1569 2804 tue,
1585 2749 1611 2793 ut
1623 2740 1716 2812 quein

924 2825 977 2880 istis
990 2826 1167 2897 questionibus
1180 2826 1335 2894 obscuriora,
1342 2836 1366 2882 et
1375 2827 1410 2881 ad
1423 2827 1636 2900 percipiciendum
1648 2829 1718 2902 diffl-

924 2917 1013 2972 citiore
1033 2926 1101 2987 srrrrt,
1130 2912 1205 2989 quam
1222 2917 1383 2973 incidissimis
1396 2919 1592 2990 expositionibus
1606 2921 1719 2993 diqnert's

924 3008 1032 3079 aperire.

960 3101 987 3156 8.
1007 3100 1044 3154 ric
1058 3101 1177 3171 primum,
1190 3101 1250 3172 quia
1263 3100 1375 3171 piceique
1389 3117 1440 3156 nou
1453 3109 1543 3172 putant
1554 3101 1719 3157 cbristiauana

924 3193 1002 3263 fidem
1024 3190 1072 3245 bac
1097 3190 1251 3266 dissensione
1270 3189 1373 3257 siaiari,
1386 3201 1509 3261 quantum
1523 3190 1629 3262 pericuti
1645 3192 1678 3246 sit
1690 3191 1719 3246 in

925 3301 1011 3339 eorum
1033 3282 1195 3354 persuasione
1220 3283 1369 3353 patefacias.
1390 3281 1498 3351 Deinde,
1523 3282 1650 3354 quonwdo
1673 3299 1719 3355 per

924 3375 1000 3430 istam
1009 3381 1208 3447 preoperautem
1217 3381 1239 3426 ct
1247 3381 1422 3444 cooperantem
1433 3371 1541 3443 qratiam
1552 3369 1657 3427 iiberum
1665 3387 1719 3428 nats

925 3466 1076 3538 impediatur
1088 3464 1229 3520 arbitrium.
1255 3463 1330 3530 Tune,
1345 3472 1430 3519 utrum
1446 3464 1602 3536 prescientia
1622 3463 1669 3519 Dei
1681 3465 1717 3520 ita

924 3558 1060 3613 secundum
1072 3555 1231 3629 propositum
1243 3563 1354 3622 moereat,
1369 3564 1396 3609 ut
1405 3572 1435 3609 ea
1449 3556 1506 3625 ipsa
1516 3570 1573 3626 que
1582 3564 1640 3611 sunt
1653 3571 1716 3627 pro-

926 3650 1018 3720 posita,
1033 3649 1082 3704 sint
1103 3648 1250 3720 accipienda
1262 3649 1400 3721 prescita:
1414 3664 1449 3702 an
1465 3665 1510 3719 per
1522 3664 1615 3721 qenera
1627 3664 1720 3702 causa·

925 3758 983 3796 rnm
996 3752 1019 3797 ct
1042 3740 1136 3812 species
1150 3757 1316 3811 personarum
1328 3739 1378 3795 ista
1399 3740 1546 3804 oarientur;
1561 3750 1588 3794 ot
1602 3738 1661 3811 quia
1676 3739 1717 3795 di·

926 3849 1002 3889 oerse
1012 3833 1216 3888 sumoocasiones
1224 3833 1251 3886 iu
1260 3832 1351 3904 trisqui
1361 3832 1426 3887 nituit
1435 3831 1563 3902 operaturi
1575 3833 1717 3899 ιαιιιιιιιιιι,

925 3928 997 3997 quasi
1011 3927 1092 3983 sotum
1102 3926 1150 3981 tici
1160 3926 1316 3997 propositum
1329 3927 1444 3982 uideatur
1455 3927 1576 3992 esistere;
1586 3926 1613 3981 in
1623 3926 1663 3981 bis
1672 3941 1719 3980 au-

926 4028 976 4075 tern
989 4019 1032 4091 qui
1047 4018 1144 4091 atiquid
1158 4019 1216 4072 boni
1228 4019 1310 4074 acturi
1319 4028 1388 4085 sunt,
1403 4035 1448 4091 per
1460 4017 1643 4090 prescientiam
1659 4034 1720 4091 pos·

926 4113 1033 4167 sitstare
1046 4111 1202 4183 propositum
1218 4125 1273 4164 :an
1291 4125 1349 4165 oero
1366 4107 1536 4181 uniformiter,
1561 4109 1618 4164 ticet
1640 4108 1719 4164 diuidi

926 4203 1085 4274 prescientia
1098 4218 1114 4255 a
1131 4201 1258 4272 proposito
1280 4199 1415 4272 temporati
1424 4197 1582 4255 distinetione
1597 4215 1648 4254 non
1659 4215 1720 4271 pos·

926 4293 969 4358 rit,
978 4292 1136 4364 prescientia
1145 4299 1229 4347 tamen
1239 4289 1350 4361 quodam
1359 4289 1448 4345 ordine
1458 4291 1491 4346 sit
1503 4290 1611 4346 subnixa
1624 4307 1720 4366 prapa-

926 4384 994 4448 siro,·
1005 4392 1029 4437 et
1042 4383 1105 4437 sicut
1118 4381 1183 4438 nibit
1202 4383 1234 4437 sit
1245 4397 1458 4454 quorunscumque
1472 4382 1636 4454 neqotiorum,
1649 4382 1717 4453 quod

927 4491 978 4531 non
992 4475 1096 4531 scientia
1108 4475 1195 4531 diuina
1208 4474 1371 4546 precesserit,
1385 4474 1423 4530 ita
1439 4474 1505 4531 nituit
1518 4476 1550 4532 sit
1562 4475 1636 4546 boni,
1649 4476 1718 4548 quad

926 4566 954 4619 in
967 4573 1078 4620 nostram
1093 4563 1313 4636 participationem
1323 4580 1375 4621 non
1388 4562 1445 4620 Deo
1456 4574 1559 4624 auctore
1570 4565 1717 4637 deqiueeru.

927 4654 1070 4722 Postremo,
1086 4655 1297 4726 quenadmodum
1308 4672 1354 4730 pes
1361 4656 1428 4712 banc
1440 4656 1642 4727 predicationem
1654 4673 1717 4730 pro-

928 4747 1002 4817 positi
1018 4746 1077 4813 aet,
1086 4763 1135 4817 quo
1146 4745 1234 4809 idetis
1243 4747 1309 4817 fiunt
1322 4748 1366 4820 qui
1378 4748 1543 4820 preordinati
1558 4758 1618 4804 sunt
1634 4748 1670 4803 od
1681 4751 1719 4805 si·

927 4847 979 4894 tam
992 4847 1123 4904 eternam,
1137 4853 1307 4893 minaeorum
1317 4838 1581 4911 quicattortandisunt
1593 4839 1718 4910 inspedia-

927 4942 979 4999 tur,
995 4948 1040 4987 nec
1064 4932 1220 4986 occasionem
1234 4930 1391 5003 neqtiqcntie
1408 4931 1525 4998 babent,
1542 4931 1604 4988 sise
1616 4932 1716 5000 prede·
1803 4968 1816 4983 .

926 5023 1032 5076 stinatos
1051 5037 1104 5077 esse
1124 5021 1266 5090 desperent.
1282 5019 1354 5076 titud
1369 5022 1447 5077 etiam
1460 5023 1568 5094 quotiter
1587 5023 1716 5092 dituatssr,

926 5129 1079 5185 quesumus,
1095 5114 1218 5185 patienter
1234 5112 1405 5184 insipientiam
1427 5121 1538 5168 neuram
1552 5113 1656 5185 serendo
1672 5113 1718 5172 ds·

927 5205 1134 5276 monstres,quod
1143 5205 1401 5276 retractatispriorum
1412 5205 1445 5261 de
1453 5206 1535 5262 barre
1546 5206 1716 5279 opinionibus,

926 5315 990 5371 pure
1001 5299 1112 5353 omnium
1127 5299 1306 5368 parinsenitar
1314 5307 1339 5353 et
1351 5314 1403 5353 una
1415 5298 1549 5368 emeno,
1559 5315 1610 5370 qua
1624 5315 1721 5372 propo·

925 5393 1001 5446 ιιιιιιιι
1014 5395 1038 5446 et
1057 5390 1301 5461 predestinationem
1314 5389 1363 5446 bei
1382 5391 1520 5447 mmnrtuu
1532 5393 1717 5464 preuienuam

925 5491 1073 5552 receperunt
1080 5498 1091 5548 ,·
1113 5491 1141 5536 ut
1159 5482 1191 5537 ob
1209 5481 1256 5537 trae
1270 5480 1341 5538 Deus
1354 5482 1420 5538 aiios
1433 5498 1493 5540 rasa
1515 5482 1629 5550 bonone,
1650 5478 1716 5542 aiios

925 5574 1082 5629 conrunutie
1089 5575 1185 5646 terent,
1198 5575 1343 5646 quidquem
1354 5567 1549 5650 uuiuscujusque
1560 5577 1714 5650 preridein

924 5674 949 5720 et
960 5666 1005 5719 sub
1019 5664 1076 5736 ipso
1087 5665 1176 5737 qratie
1188 5665 1315 5738 adjunto
1331 5668 1357 5723 in
1365 5685 1416 5742 qua
1429 5672 1531 5742 tuturus
1543 5679 1606 5729 esset
1621 5670 1713 5728 ιοιιιιι·

928 5766 979 5813 tate
988 5767 1012 5812 et
1025 5757 1122 5813 actione
1133 5757 1279 5830 prescierit.
