3906 6390
165 270 215 326 811

164 382 203 437 bit
226 379 392 438 Chananeus
405 376 533 434 adsersus
552 376 643 442 lsrael,
664 390 723 431 cum
744 375 885 431 cbauauai
897 374 958 430 abs·

167 472 257 528 tulerit
287 471 393 526 labores
417 466 520 535 lsrael;
550 466 597 523 sed
625 467 706 523 stabit
729 466 891 522 Nabutbmus
911 464 958 519 ad-

91 550 95 557 ’
167 578 262 620 sersus
282 561 394 624 beliab,
423 561 548 632 qrtoniarn
578 559 685 616 labores
709 558 846 615 Nabutbai
869 558 958 614 abstu-

164 655 197 710 lit
217 653 312 710 Acbab
334 671 341 707 ε
362 653 529 711 Cluanaaaeus
547 652 645 723 quippe
665 651 780 722 impius,
797 649 958 707 Nabutbens

164 747 260 818 iustus.
289 745 390 802 Eodem
404 744 504 811 niodo,
523 759 576 800 riou
591 743 671 797 stabit
691 757 809 814 paganus
831 740 958 795 adsersus

165 831 957 906 cbristianumquiabstuiitlaboresejus,qrraudoidolorum

167 927 312 997 exspoliata
328 926 370 981 rel
383 924 470 980 diruta
485 925 492 956 ¹
508 935 569 979 stant
580 925 697 994 templa;
720 922 767 978 sed
784 921 865 978 stabit
884 920 957 975 cbri-

166 1017 269 1075 stiauns
289 1016 416 1072 aduersus
430 1029 560 1086 paganum
576 1014 620 1085 qiri
640 1014 748 1070 abstulit
771 1013 876 1069 labores
888 1011 955 1081 ejus,

169 1108 277 1179 qrrando
289 1115 436 1179 martyrum
450 1113 532 1161 strata
544 1114 606 1161 suut
615 1120 737 1176 corpora.
758 1104 888 1175 sicergo,
904 1119 956 1159 non

167 1199 247 1254 stabit
270 1196 413 1253 haereticus
438 1196 565 1252 adsersus
593 1194 752 1251 catholicum
778 1194 822 1265 quii
849 1193 958 1249 abstulit

167 1290 271 1345 labores
279 1289 349 1358 ejus,
360 1286 465 1360 quando
478 1286 673 1357 prat-aluerunt
682 1286 755 1357 leges
767 1285 956 1342 catholicorum

167 1383 376 1450 imperatorum
399 1378 446 1435 scd
460 1377 540 1433 stabit
553 1377 699 1433 catholicus
713 1377 839 1432 adsersus
853 1375 958 1431 lraereti-

166 1485 227 1523 eum
239 1468 286 1539 qui
300 1468 408 1524 abstulit
428 1468 532 1523 labores
546 1467 621 1538 ejus,
644 1466 750 1539 parando
772 1465 877 1522 lurorcs
888 1480 957 1536 prn-

172 1560 289 1615 ralcbant
317 1559 458 1629 impiorum
484 1559 744 1615 circumcellionum.
779 1557 837 1627 lpsa
859 1557 957 1629 quippe

165 1654 301 1724 Scriptura
314 1652 391 1709 solrit
405 1652 596 1724 questionem,
609 1667 668 1722 quiae
681 1666 732 1706 raon
744 1651 797 1715 ait,
817 1650 892 1706 Tarne
904 1659 957 1705 sta-

166 1745 232 1798 bunt
251 1742 393 1810 bomines,
417 1742 482 1810 sed,
506 1741 576 1795 Turre
595 1742 696 1796 stabunt
712 1741 777 1812 justi
791 1756 800 1794 .·
815 1750 840 1796 et
856 1739 915 1796 ideo
929 1740 956 1794 iu

166 1850 259 1906 triopae
272 1833 431 1900 constantie,
446 1832 506 1902 quia
520 1832 546 1887 in
562 1832 630 1887 bom
644 1830 817 1887 conscientia.

200 1926 246 1981 ta.
264 1924 356 1982 luctus
368 1932 456 1980 autem
470 1924 512 1979 bic
528 1937 607 1978 nemo
626 1921 847 1992 estimationis,
864 1920 889 1977 id
904 1930 954 1989 ast,

166 2024 291 2085 tariqnsm
302 2013 352 2070 sibi
373 2029 387 2067 a
402 2011 491 2083 scipso
506 2013 573 2068 iacta
585 2028 593 2078 ;
607 2012 670 2081 sed,
684 2021 713 2067 ut
723 2011 787 2067 dicit
800 2012 954 2083 apostotus,

166 2106 238 2160 Sicut
253 2104 386 2175 unicnique
401 2102 471 2158 Deru
486 2103 593 2173 partitus
605 2113 642 2156 eat
663 2118 806 2158 mensurum
821 2102 890 2171 fidei.
905 2102 955 2158 Se-

165 2197 256 2266 quitur
274 2203 362 2250 autem
380 2200 408 2249 ct
421 2192 540 2264 adjungit
555 2209 562 2245 a
577 2192 650 2248 Sicut
665 2192 732 2247 euim
748 2191 774 2247 in
788 2207 840 2246 une
852 2207 956 2263 corpore

165 2286 246 2340 auriello
268 2284 379 2340 marrim
402 2284 538 2351 babemus,
560 2283 646 2338 curario
670 2291 753 2337 nutem
776 2281 887 2337 menbra
904 2299 955 2336 non

164 2376 279 2430 cumdem
290 2384 372 2431 actem
386 2374 477 2429 ludent
487 2389 497 2438 ,·
510 2374 546 2428 ite
557 2373 632 2427 utulti
645 2388 722 2427 uuum
731 2387 823 2443 cerpus
834 2387 920 2427 sumus
928 2372 954 2426 ia

165 2468 264 2522 Canale
279 2465 367 2539 (Rom.
382 2480 431 2528 ru.
444 2463 516 2537 5-5).
531 2464 627 2535 Acper
638 2463 690 2519 boe
703 2478 783 2520 nemo
796 2471 955 2534 potestesse

162 2562 269 2627 justas,
287 2556 413 2629 quamdiu
428 2556 508 2612 luerit
521 2555 555 2610 ab
571 2555 673 2610 unitate
688 2555 767 2625 lanius
781 2555 901 2625 corporis
913 2569 955 2609 sc-

165 2656 284 2718 paratus.
303 2645 532 2713 Quemadmodum
544 2645 617 2701 erana
631 2645 779 2701 membrum
794 2645 815 2699 si
829 2643 956 2714 prneida-

166 2747 211 2793 tur
223 2737 257 2793 ab
270 2736 385 2792 bominis
398 2736 449 2790 riri
467 2750 578 2805 corpore
588 2775 596 2804 ,
608 2750 660 2791 non
674 2744 762 2806 potest
774 2744 864 2791 tenere
876 2735 954 2806 spiri·

167 2838 222 2881 tum
242 2826 324 2892 ritoe;
349 2825 388 2880 sie
408 2824 489 2880 laoruo
507 2825 552 2894 qui
568 2824 718 2894 praeciditur
732 2824 766 2880 de
779 2822 878 2880 Claristi
890 2824 955 2895 justi

164 2931 294 2987 corpore,
312 2916 386 2970 ouillo
400 2913 478 2970 modo
492 2923 578 2985 potest
591 2914 712 2985 spiritum
732 2923 824 2971 tcuem
834 2915 953 2984 iustitia,

166 3007 269 3062 etiamsi
289 3006 399 3077 ilgrrram
412 3005 524 3062 membri
537 3013 635 3073 teneat,
648 3020 726 3077 quam
736 3006 850 3076 sumpsit
859 3006 885 3061 in
896 3021 955 3062 cur·

167 3110 242 3165 pore.
268 3096 296 3150 ln
311 3094 391 3165 bujus
404 3108 468 3165 ergo
482 3108 636 3171 couapagem
651 3094 771 3165 eorporis
782 3095 910 3162 veniant,
927 3104 955 3151 et

164 3188 271 3241 labores
294 3199 357 3240 suos
380 3198 433 3238 non
458 3181 610 3238 dominandi
632 3182 791 3253 cupiditate,
816 3183 863 3239 scd
886 3183 954 3239 bene

165 3275 256 3332 utendi
270 3275 369 3348 pietate
383 3273 544 3344 possideant.
560 3271 616 3328 Nus
627 3283 715 3328 autem
728 3272 890 3328 voluntatem
905 3287 954 3328 no-

164 3360 266 3437 stram,
287 3375 315 3423 nt
328 3368 382 3437 jam
397 3366 495 3421 dictum
511 3375 569 3430 est,
585 3365 619 3420 ab
638 3364 717 3435 baritis
728 3365 880 3436 cupiditatis
892 3380 952 3420 sor·

164 3462 242 3517 dibus
255 3500 264 3528 ,
278 3460 396 3529 quolibet
407 3457 660 3528 iuimicojudicante
673 3473 834 3529 purgamus,
848 3458 954 3528 <parando

164 3565 214 3606 eos
227 3551 299 3621 ipsos
312 3564 424 3620 utrorum
444 3549 548 3604 labores
568 3548 709 3614 dicuntur,
731 3557 759 3603 ut
777 3549 914 3605 nobiscum
927 3559 954 3606 et

164 3642 257 3697 illinet
275 3640 375 3696 uostris
395 3639 421 3694 ln
441 3638 567 3694 societate
587 3637 717 3694 catholica
733 3646 848 3706 utantm,
871 3654 954 3711 quau·

163 3744 220 3786 tum
234 3732 352 3787 salamas
366 3730 532 3799 inquirimus.

199 3821 311 3877 crtrtt'r
330 3821 364 3875 11.
375 3850 411 3861 -
424 3822 468 3876 li.
479 3819 532 3875 Sed
546 3819 597 3875 boc
611 3829 661 3886 est,
673 3819 806 3891 inqrriunt,
819 3820 888 3891 qatod
903 3836 952 3878 nos

163 3919 254 3966 naorct
270 3912 313 3965 :si
328 3909 416 3978 injusti
431 3924 532 3974 surmus,
547 3924 630 3979 quare
643 3910 839 3980 nosqaariust
853 3911 953 3981 Qaaibus

163 3999 356 4069 respondemus
368 4016 375 4053 :
385 3998 587 4066 Qumrimusvos
596 3998 717 4070 injustos,
730 4015 764 4055 ne
773 4003 952 4070 permancatis

157 4077 269 4158 ‘irajarsth
286 4089 429 4159 quaerimus
448 4087 584 4158 perditos,
603 4095 633 4143 ut
655 4087 689 4144 de
703 4089 817 4145 inventis
837 4091 952 4162 garadere

162 4179 312 4249 passienus,
334 4177 468 4242 diceutes,
484 4176 601 4233 llortuus
615 4184 674 4233 crat
686 4176 786 4246 irater,
801 4182 949 4248 atrectatu

164 4270 293 4339 perierat,
313 4276 340 4323 et
353 4267 475 4322 inuentus
492 4277 531 4322 cst
549 4266 625 4339 (bue.
638 4282 695 4335 xv,
708 4268 765 4342 52).
789 4268 877 4337 Quare
887 4287 951 4344 erpo

163 4375 218 4424 mc,
233 4359 326 4427 inrapiat,
342 4373 394 4412 arou
415 4357 551 4427 baptizas,
567 4366 596 4412 ut
609 4358 701 4415 abluas
721 4362 884 4431 apeccatisl
897 4364 950 4419 lie·

161 4446 300 4517 spiradeo:
316 4446 381 4513 Quia
395 4462 448 4500 nora
461 4446 529 4501 laeio
542 4447 664 4518 injuriam
676 4449 823 4508 characteri
837 4453 951 4524 impera-

161 4540 236 4603 toris,
249 4553 310 4595 cum
322 4553 441 4594 errorem
451 4541 556 4610 corripe
568 4539 723 4598 desertoris.
738 4542 837 4613 Quare,
853 4545 949 4618 inquit,

158 4630 228 4701 apud
244 4630 326 4687 terei
346 4631 527 4700 poenitentiam
549 4647 602 4687 non
616 4633 688 4703 agol
706 4634 763 4690 lmo
779 4637 830 4691 nisi
850 4639 948 4708 egeris,

157 4727 248 4780 salvus
271 4736 331 4778 esse
351 4738 403 4777 aion
416 4722 517 4792 poteris
531 4740 538 4777 ε
552 4725 687 4795 quortrodo
700 4726 771 4782 euim
784 4728 912 4799 gaudebis
924 4740 950 4786 tc

156 4828 218 4869 esse
228 4823 400 4877 correctum,
427 4813 477 4868 nisi
497 4813 587 4869 doleas
601 4813 682 4871 luisse
694 4820 868 4886 perversum!
881 4822 949 4888 Quid

154 4922 177 4955 ιι
185 4917 230 4969 ao,
250 4902 347 4973 inquit,
359 4902 429 4973 apiud
439 4918 496 4968 ros,
508 4918 570 4959 cum
584 4905 618 4960 ad
628 4920 674 4961 ros
684 4910 837 4977 mansimus,
850 4914 949 4984 accipi-

154 5007 213 5046 mus
228 4993 241 5047 l
255 4992 415 5063 llespondso
429 5010 436 5046 ι
451 4992 509 5048 Non
522 4994 630 5064 quidem
643 4992 762 5066 recipitis
774 4998 946 5069 baptismum,

151 5084 198 5149 aui
224 5082 302 5139 vobis
323 5092 399 5139 extra
421 5097 576 5154 compagem
599 5084 840 5154 corporis'Cbristi
861 5090 948 5147 inesse

154 5174 262 5240 potuit,
286 5173 413 5243 prodesse
432 5189 485 5228 raon
499 5175 601 5244 potuit;
623 5175 671 5231 sed
685 5177 805 5247 accipitis
819 5180 946 5237 unitatem

158 5265 268 5335 spiritus
280 5267 307 5322 in
318 5267 425 5322 ritaeulo
438 5267 510 5337 pacis
524 5265 605 5340 (lipia.
620 5282 658 5337 rr,
674 5267 721 5341 5),
735 5271 795 5327 sine
808 5288 858 5342 qua
869 5288 948 5330 nertio

160 5356 257 5425 porterit
270 5356 361 5414 ridere
377 5357 470 5425 ileum,
481 5367 509 5413 et
521 5357 696 5428 mambrem,
710 5378 787 5433 qiam,
802 5365 871 5420 sicut
883 5371 949 5421 seri-

160 5458 233 5515 ptum
255 5456 314 5514 est,
335 5449 447 5520 cooperit
459 5448 646 5507 multitudinem
667 5464 825 5525 peccaterum
837 5455 859 5529 (Ι
874 5454 947 5514 Patr.

159 5551 204 5601 tt,
219 5537 258 5608 8).
272 5537 347 5604 erod
362 5549 416 5595 um
430 5554 554 5609 magnum
568 5542 684 5610 bonum,
698 5546 756 5601 sine
770 5561 823 5617 quo
832 5562 883 5603 nec
899 5548 948 5603 liu·

192 5646 382 5710 eumaeum

784 262 812 322 S.
833 262 1016 322 abunsttrtt
1036 264 1185 324 entscotu

1751 272 1805 329 8l2

1011 391 1076 446 utras
1089 377 1225 433 bominum
1240 389 1266 435 et
1279 380 1452 451 Angelorum,
1466 398 1516 440 nec
1525 382 1664 441 seientiam
1679 386 1801 440 aurariam

1011 477 1255 534 sacramentorum,
1277 486 1326 527 nec
1340 472 1521 543 prophetiam,
1542 489 1591 532 nec
1606 482 1707 530 tantam
1721 475 1803 531 iidem

1010 572 1063 629 qua
1080 568 1185 616 montes
1202 561 1412 630 transferantur,
1433 581 1483 622 nec
1499 567 1588 621 omnia
1609 583 1668 637 quae
1683 568 1802 639 possidet

1011 646 1092 705 bomo
1103 650 1243 706 distributa
1261 654 1437 723 pauperibus,
1453 671 1503 712 uec
1520 658 1640 727 eorporis
1654 658 1680 713 iu
1696 660 1802 731 ignibus

1010 739 1161 808 passionem
1175 739 1300 815 prodesse
1310 742 1409 813 aliquid
1418 745 1560 814 Apostolus
1574 747 1649 802 testis
1659 756 1699 803 est
1709 747 1733 820 (l
1742 747 1801 803 Cor.

1011 844 1067 895 rata,
1083 829 1141 902 1-5)
1156 847 1164 885 :
1179 830 1301 903 bocergo
1317 842 1369 888 tana
1383 850 1506 904 niagnum
1520 836 1634 901 leonum,
1650 838 1672 892 si
1688 853 1800 908 parrum

1010 920 1051 976 rel
1064 921 1165 977 nullum
1187 926 1301 994 putatis,
1318 925 1413 981 merito
1427 926 1566 982 iulelieiter
1577 928 1688 993 erratis;
1703 930 1803 986 merito

1010 1008 1032 1063 si
1046 1009 1072 1064 in
1085 1011 1211 1066 nullatenu
1227 1012 1385 1069 catholicam
1401 1029 1453 1070 non
1468 1017 1599 1084 transitis,
1614 1019 1717 1088 peritis.

1044 1100 1129 1157 1181
1144 1117 1225 1172 crgo,
1240 1103 1378 1173 inquiunt,
1393 1116 1497 1177 oportet
1512 1117 1541 1162 ut
1555 1123 1605 1163 nos
1617 1117 1694 1165 extra
1710 1111 1802 1166 Eccle-

1009 1188 1075 1243 siam
1088 1200 1115 1244 et
1128 1189 1256 1248 adsersus
1268 1192 1416 1249 Ecclesiam
1431 1195 1512 1252 luisse
1527 1198 1671 1267 poeniteat,
1692 1209 1723 1254 ut
1735 1201 1802 1255 salsi

1008 1291 1069 1334 esse
1093 1282 1242 1350 possimus3
1273 1284 1407 1354 quomodo
1430 1297 1490 1357 post
1514 1289 1591 1343 istam
1616 1290 1801 1358 poenitentiam

1008 1371 1078 1441 apud
1102 1389 1149 1430 ros
1168 1376 1277 1445 clerici,
1300 1379 1343 1435 rel
1358 1379 1438 1437 ctiam
1457 1383 1575 1452 episcopi
1597 1389 1802 1454 permanemus?

1011 1461 1067 1518 lloc
1079 1479 1132 1519 non
1148 1465 1233 1535 beret,
1248 1471 1373 1539 quoidam
1389 1486 1495 1540 rercra,
1508 1474 1580 1543 quod
1595 1475 1732 1532 latendum
1746 1487 1800 1544 est,

1008 1548 1067 1607 lieri
1080 1567 1133 1609 non
1148 1553 1267 1623 deberet,
1281 1558 1332 1613 uisi
1345 1561 1418 1629 pacis
1428 1561 1510 1631 ipsius
1521 1567 1741 1634 compensatione
1755 1584 1802 1622 sa·

1008 1653 1126 1700 naretur.
1143 1645 1196 1702 Sed
1208 1647 1258 1703 sibi
1274 1648 1325 1705 boc
1337 1650 1436 1719 dicant,
1452 1663 1479 1709 et
1488 1655 1572 1710 multo
1582 1658 1697 1718 maxime
1711 1657 1801 1712 bumi-

1008 1732 1068 1790 litcr
1080 1734 1208 1805 doleant,
1228 1741 1273 1810 qui
1286 1741 1312 1796 in
1328 1750 1400 1798 tauta
1416 1754 1502 1800 morte
1516 1749 1679 1815 precisiouis
1696 1751 1799 1821 jacent,

1006 1834 1036 1877 ut
1049 1823 1100 1881 isto
1112 1827 1226 1896 quodam
1242 1829 1350 1887 uulnere
1363 1834 1456 1888 matris
1470 1834 1613 1892 Catholicae
1627 1839 1799 1896 reviviscant.

1006 1909 1073 1967 Cum
1087 1914 1158 1970 enim
1170 1918 1299 1987 praecisus
1315 1936 1405 1976 ramtrs
1420 1922 1561 1992 inseritur,
1577 1925 1607 1980 sat
1618 1928 1689 1984 aliud
1703 1930 1800 1989 saltans

1007 1999 1034 2056 in
1046 2002 1162 2071 arbore,
1187 2021 1240 2076 quo
1255 2009 1338 2077 possit
1356 2011 1457 2082 recipi,
1479 2021 1509 2067 ut
1526 2015 1597 2069 vivat
1609 2017 1655 2087 qni
1674 2020 1733 2074 siue
1746 2021 1799 2075 uita

1007 2094 1103 2149 radicis
1113 2096 1217 2166 peribat
1228 2114 1236 2153 a
1249 2099 1295 2154 scd
1305 2115 1365 2156 cum
1379 2112 1499 2172 receptus
1508 2106 1646 2177 recipienti
1656 2110 1797 2179 coaluerit,

1006 2192 1033 2238 et
1045 2184 1120 2254 uigor
1130 2189 1302 2258 consequitur
1315 2199 1339 2246 et
1356 2190 1475 2260 lructus;
1490 2195 1511 2253 si
1522 2206 1610 2252 autem
1625 2212 1678 2252 non
1689 2201 1798 2258 coalue-

1006 2272 1059 2340 rit,
1080 2273 1124 2329 ille
1137 2276 1242 2346 (pridem
1252 2281 1358 2346 arescit,
1374 2282 1421 2337 sed
1435 2284 1486 2338 vita
1497 2286 1601 2341 arboris
1614 2291 1792 2358 permanebit.

1007 2362 1054 2418 Est
1067 2365 1139 2420 enim
1152 2374 1180 2422 et
1199 2368 1252 2424 tale
1266 2369 1399 2426 inserendi
1419 2388 1522 2444 genus,
1545 2385 1575 2430 ut
1593 2378 1667 2432 nullo
1686 2383 1797 2450 praeciso

1006 2467 1081 2507 ramo
1093 2455 1138 2526 qui
1160 2455 1231 2513 lutus
1243 2469 1298 2525 est,
1312 2460 1356 2516 ille
1370 2463 1414 2532 quai
1434 2462 1499 2519 loris
1511 2476 1552 2521 est
1570 2468 1722 2537 inseratur,
1745 2488 1798 2529 non

1007 2549 1096 2599 tamen
1110 2546 1202 2614 nullo,
1221 2548 1267 2604 sed
1282 2550 1324 2604 vel
1343 2550 1478 2608 levissime
1499 2555 1603 2611 arboris
1617 2559 1736 2615 uulnere.
1760 2561 1797 2617 lta

1005 2643 1111 2703 ergoet
1127 2635 1244 2693 iaticum
1258 2639 1291 2693 ad
1305 2638 1420 2696 radicem
1435 2640 1598 2701 Gatbolicaui
1609 2648 1729 2716 veniunt,
1747 2666 1796 2707 nec

1006 2723 1046 2778 eis
1058 2726 1180 2794 quamuis
1194 2735 1255 2798 post
1265 2731 1363 2785 erroris
1375 2732 1416 2786 sui
1425 2734 1607 2802 poenitentiam
1618 2737 1706 2794 bonor
1716 2740 1795 2796 cleri·

1005 2820 1082 2867 catus
1103 2815 1145 2869 rel
1166 2815 1335 2887 episcopatus
1355 2818 1492 2888 aulertur,
1515 2825 1544 2880 lit
1562 2816 1680 2896 quidem*
1696 2831 1796 2901 aliquid

1007 2908 1131 2971 unquam
1146 2903 1173 2959 in
1185 2906 1285 2962 cortice
1309 2908 1413 2965 arboris
1430 2913 1524 2968 matris
1542 2924 1634 2970 contra
1656 2918 1796 2990 integrita-

1006 3000 1059 3048 tem
1075 2995 1223 3052 sercritatis
1238 3015 1246 3052 :
1262 3008 1444 3057 verumtamen
1458 3005 1518 3073 quia
1533 3020 1619 3077 aeque
1633 3009 1678 3078 quii
1694 3011 1797 3080 plantat

1006 3092 1048 3139 est
1060 3084 1175 3155 allqarld,
1195 3102 1281 3158 acque
1299 3091 1344 3160 qui
1363 3092 1431 3163 rigat
1445 3093 1472 3164 (l
1489 3096 1548 3150 Cor.
1563 3112 1612 3163 ru,
1630 3100 1681 3171 7),
1698 3101 1733 3156 ad
1750 3103 1794 3157 bei

1006 3174 1215 3230 misericordiam
1239 3181 1362 3248 precibus
1384 3181 1449 3239 lusis
1467 3185 1633 3244 coalescente
1653 3190 1795 3247 insitorum

1005 3275 1072 3332 pace
1083 3278 1217 3321 ramorum
1232 3308 1240 3335 ,
1253 3266 1368 3325 ebaritas
1382 3275 1501 3345 cooperit
1514 3276 1711 3336 multitudinem
1732 3297 1795 3353 pce·

1005 3364 1135 3409 catorum.
1697 3384 1700 3389 ·

1040 3446 1085 3502 ta.
1100 3447 1133 3503 tu
1150 3450 1222 3506 cuim
1240 3454 1447 3513 constitueretur
1458 3459 1485 3514 iu
1502 3460 1639 3532 Ecclesia,
1664 3483 1699 3523 ne
1719 3471 1793 3540 qaris·

1005 3552 1084 3607 quam
1102 3547 1163 3609 post
1183 3542 1295 3613 alicujus
1307 3546 1427 3605 criminis
1443 3552 1625 3619 poenitentiam
1638 3556 1792 3615 clericatum

1005 3626 1134 3697 accipiat,
1157 3630 1200 3685 rel
1216 3631 1248 3688 ad
1262 3635 1416 3692 clericatum
1431 3640 1536 3709 redeat,
1557 3643 1598 3699 vel
1619 3645 1645 3699 iu
1667 3648 1792 3705 clericatu

1005 3727 1112 3774 maereat
1128 3720 1175 3793 (a),
1189 3738 1241 3778 nou
1253 3724 1437 3796 desperatione
1450 3732 1630 3804 indulgentiae,
1646 3739 1693 3794 sed
1706 3741 1793 3812 rigare

1005 3805 1103 3864 lactum
1126 3820 1167 3866 est
1186 3811 1333 3883 discipilum
1349 3835 1355 3871 :
1370 3819 1486 3890 alioquin
1503 3832 1595 3879 contra
1610 3826 1700 3883 clauses
1719 3829 1793 3887 datas

1004 3896 1131 3954 Ecclesiae
1154 3900 1349 3971 disputabitur,
1371 3907 1406 3963 de
1427 3909 1522 3979 quibus
1536 3912 1635 3969 dictum
1649 3925 1706 3983 est,
1730 3919 1794 3984 Qaoe

1004 3986 1126 4042 colueritis
1138 3990 1164 4043 iu
1174 3998 1257 4059 terre,
1273 3993 1357 4049 solutu
1370 4007 1444 4051 eruut
1462 4009 1485 4054 et
1499 4001 1531 4055 iu
1539 4002 1601 4057 eoelo
1615 4003 1721 4075 (Mettis.
1736 4024 1792 4076 sur,

1005 4073 1060 4146 tu).
1079 4075 1131 4132 Sed
1144 4094 1179 4134 ne
1192 4078 1301 4137 lorsitau
1313 4085 1392 4139 etiam
1406 4086 1517 4144 detectis
1530 4092 1686 4150 criminibus
1702 4097 1727 4164 ¹,
1744 4113 1791 4169 spe

1004 4165 1113 4222 lroouris
1135 4170 1307 4233 ecclesiastici
1334 4175 1439 4232 animus
1467 4179 1646 4238 intumescens
1671 4190 1787 4256 superbe

1002 4267 1092 4329 ageret
1104 4263 1297 4334 penitentiam,
1310 4267 1478 4324 severissime
1488 4271 1585 4341 placuit
1595 4281 1623 4328 ut
1634 4286 1696 4344 post
1705 4286 1791 4334 actam

1003 4350 1037 4407 de
1048 4352 1313 4411 criminedamuabili
1325 4360 1518 4430 poeniteutiam,
1528 4378 1608 4419 uenio
1617 4367 1651 4421 sit
1666 4368 1790 4436 clericus,

1003 4454 1034 4502 ut
1046 4446 1234 4517 desperatione
1244 4452 1397 4520 temporalis
1405 4453 1552 4512 altitudinis
1561 4458 1696 4516 medicina
1707 4463 1792 4534 maior

1002 4545 1030 4593 et
1040 4539 1129 4593 verior
1142 4549 1213 4595 esset
1232 4539 1399 4600 humilitatis.
1418 4544 1485 4602 Nam
1498 4555 1524 4602 et
1543 4552 1791 4612 sancrosanctum

1001 4627 1156 4685 criminibus
1169 4630 1313 4688 mortiferis
1324 4635 1506 4703 poeniteutiam
1518 4639 1592 4709 egit,
1612 4649 1640 4696 et
1661 4650 1751 4701 tameo
1765 4646 1789 4702 lu

1002 4719 1104 4776 bonore
1123 4735 1173 4777 suo
1195 4724 1319 4794 perstitit.
1345 4726 1379 4782 Et
1404 4727 1510 4784 beatum
1532 4730 1660 4804 Petrum,
1685 4739 1790 4806 quando

1000 4811 1181 4869 amarissimas
1193 4813 1315 4871 lacrimas
1329 4814 1406 4885 ludit,
1423 4818 1514 4890 utique
1527 4820 1669 4879 llomiuum
1680 4840 1791 4900 uegmm

1000 4904 1141 4972 poeuituit,
1154 4914 1182 4962 et
1196 4914 1285 4962 tanam
1299 4907 1444 4979 Apostolus
1462 4913 1569 4968 mansit.
1591 4913 1646 4971 Sed
1663 4932 1718 4974 nou
1731 4921 1789 4978 tdeo

1000 5008 1163 5064 supervacua
1185 4997 1300 5066 putanda
1315 5008 1354 5054 est
1377 5003 1552 5070 posteriorum
1571 5003 1790 5083 diligentiaque

1000 5084 1045 5139 ubi
1059 5085 1137 5140 saluti
1149 5085 1214 5141 nibil
1227 5087 1434 5155 detrahebatur,
1449 5091 1588 5148 bumilitati
1601 5096 1704 5168 aliquid
1717 5101 1789 5158 audi·

1000 5175 1097 5231 derunt
1108 5216 1115 5242 ,
1127 5191 1180 5246 quo
1197 5177 1270 5232 saluas
1284 5180 1366 5234 tutius
1381 5182 1536 5250 nrtruiretur,
1555 5190 1680 5256 experti,
1696 5194 1787 5258 credo,

1000 5267 1147 5337 aliquorum
1164 5266 1238 5322 luens
1256 5271 1425 5338 paenitentias
1444 5287 1492 5344 per
1503 5273 1641 5333 sumnus
1657 5279 1790 5339 bonorum

1032 5394 1499 5457 ¹tdd.,etimndeeoeterlserimlaibus.
1511 5408 1576 5469 tiss,
1589 5406 1701 5463 sextu.

1030 5477 1070 5542 (n)
1079 5478 1232 5531 unocmuus
1241 5488 1302 5546 Papa
1312 5488 1331 5542 1,
1342 5484 1368 5533 in
1379 5484 1482 5548 epistola
1489 5484 1505 5537 11
1513 5485 1544 5538 sd
1553 5487 1646 5552 apelia

1001 5541 1135 5602 agapitum,
1143 5543 1314 5605 lloeodomum,
1326 5552 1385 5606 ete..
1396 5547 1492 5607 scribit,
1506 5552 1673 5607 «mositatis
1758 5561 1793 5609 bl·

1005 5606 1387 5716 :megiagffipgoeuitcutcs
1396 5609 1512 5687 ctlstuab
1524 5609 1614 5688 Ι1111111113
1624 5616 1713 5672 ebrus
1722 5618 1792 5673 dua
