3906 6390
121 262 173 322 tat

121 389 219 434 tarrren.
235 379 303 448 Quid
323 393 391 434 eorm
410 376 479 433 aliud
503 376 618 441 indicat,
633 373 706 445 quod
724 387 785 427 curu
799 370 913 425 dixisses

122 479 146 531 in
161 478 210 531 hae
227 491 257 531 re
270 475 375 545 ponitus
388 472 453 528 nibil
463 486 523 528 esse
539 468 679 525 dedecoris
694 508 701 532 ,
717 466 804 521 statim
817 463 913 533 adjun-

122 567 181 622 xisti
196 583 204 621 a
217 564 315 619 Tamen
327 563 501 632 quodcumque
512 568 559 623 est,
572 568 629 630 peto
639 567 742 628 prestes
754 554 913 624 navigaturo.

121 658 177 713 lloc
191 655 263 712 euim
275 653 441 710 suuatrideri
455 651 500 708 tibi
511 649 618 720 quidem
633 647 700 702 nibil
712 647 737 701 iu
754 646 802 700 bac
816 659 846 698 re
853 656 913 698 esse

121 749 278 816 dedecoris,
291 756 379 802 tanuen
392 744 578 815 quodcumque
597 749 638 796 cst
652 737 807 802 dedecoris,
822 743 913 805 pctere

122 850 149 898 te
164 850 193 895 nt
212 848 335 910 prestera
355 837 519 904 navigaturo.
537 832 589 889 Sed
609 831 672 902 quid
693 838 749 894 est,
764 841 856 897 queso
876 835 911 891 te,

122 931 194 1002 quud
208 928 350 993 addidisti,
365 926 530 996 navigaturo?
544 926 584 977 Αιι
600 938 660 992 ego,
678 920 728 974 uisi
743 919 913 988 navigaturus

121 1039 206 1088 esses,
218 1029 345 1092 prmstaro
365 1018 410 1073 tibi
428 1015 526 1086 aliquid
540 1012 679 1069 dedecoris
697 1026 750 1065 nou
765 1007 913 1064 deberem?

122 1115 250 1170 Nimirum
267 1120 343 1182 putas
357 1108 428 1179 qnod
442 1122 511 1177 aqua
523 1105 624 1160 marina
646 1101 763 1157 dedecus
780 1100 911 1155 abluatur.

111 1206 197 1273 'erod
215 1205 238 1260 si
253 1205 288 1258 ita
304 1212 385 1267 essct,
402 1215 489 1255 meum
509 1206 582 1254 certe
601 1195 647 1267 qui
666 1194 836 1264 navigaturus
858 1204 911 1245 nou

121 1311 190 1362 sum,
206 1295 366 1365 inexpiatum
375 1297 534 1346 reruaneret.

157 1389 184 1442 5.
198 1386 297 1442 Scribis
310 1385 390 1439 ctiaru
404 1396 484 1437 nosse
494 1394 537 1434 ure
549 1392 627 1448 quam
639 1376 687 1431 tibi
697 1373 912 1429 molestissimum

122 1483 156 1537 sit
165 1479 239 1535 oncri
252 1493 311 1533 esse
321 1476 444 1545 cuipiam,
459 1481 486 1528 et
496 1469 630 1526 attcsurris
643 1468 728 1522 solum
739 1466 820 1520 heum
834 1477 913 1519 nosse

122 1572 191 1645 qxrrrd
205 1571 285 1626 nimia
300 1564 593 1634 necessitateinrpnlsus
605 1561 655 1616 lroe
668 1559 773 1615 leceris.
786 1556 835 1610 llic
847 1570 913 1611 sane

121 1680 183 1722 eum
201 1662 339 1732 epistolam
353 1668 424 1714 tuam
439 1659 573 1727 legerem,
587 1654 652 1709 satis
672 1651 772 1707 adverti
793 1650 911 1704 animum

120 1767 281 1824 cognoscere
296 1750 481 1806 necessitatem
502 1756 589 1810 tuam,
604 1758 665 1799 cum
678 1757 740 1797 ecce
755 1740 818 1795 milri
833 1738 912 1794 affers

122 1854 149 1900 ct
160 1844 246 1900 dicise
264 1840 348 1895 Mores
367 1837 496 1893 leontinum
511 1853 561 1889 nou
579 1834 701 1906 ignoratis
712 1876 719 1898 ,
731 1832 774 1902 qui
792 1830 912 1902 proclives

121 1943 179 1987 srtrrt
191 1931 225 1985 od
238 1927 441 2001 sitrrprrouduur,
451 1936 475 1982 et
487 1942 572 1995 quoni,
582 1925 603 1978 ai
616 1925 784 1992 interrogatus
796 1921 851 1990 quis
861 1936 912 1974 nort

122 2020 287 2090 responderit,
303 2018 418 2071 indoctus
432 2026 455 2069 et
468 2015 540 2068 hedes
555 2012 692 2083 putabitur.
707 2011 763 2065 lloc
775 2010 835 2065 loco
848 2022 912 2065 uero

122 2109 211 2162 exarsi
237 2107 270 2165 ad
294 2104 493 2161 rescribendum
523 2102 569 2156 tibi
589 2119 596 2155 :
620 2101 671 2155 lxoe
689 2099 760 2154 eninr
785 2099 912 2170 larrguore

122 2199 204 2253 animi
218 2198 254 2252 tui
268 2195 412 2268 penetrasti
427 2195 491 2248 urilri
505 2201 607 2263 pectus,
621 2201 648 2246 ct
662 2189 779 2259 irrupisti
795 2190 822 2242 iu
833 2202 912 2244 curras

123 2305 208 2351 areas,
222 2296 250 2341 ut
262 2285 429 2340 dissimulare
444 2298 495 2337 uon
510 2297 626 2353 possem,
639 2289 765 2351 quantum
780 2293 823 2333 ure
843 2279 913 2333 Deus

122 2382 268 2449 adjrrvnrct,
283 2378 382 2433 irrederi
401 2377 464 2441 tibi;
484 2390 535 2430 nun
558 2383 588 2429 ut
605 2374 639 2428 de
657 2373 709 2428 tuis
723 2370 913 2442 (quaestionibus

122 2471 269 2528 errxrdandis
283 2467 503 2538 explicandisque
514 2464 678 2535 cogitarem,
694 2462 741 2518 sed
760 2470 790 2516 ut
803 2461 913 2517 felicita·

122 2575 176 2619 teru
196 2571 266 2617 tuam
289 2559 447 2630 pendentem
464 2573 496 2611 cx
510 2556 607 2626 linguis
620 2555 756 2609 homiuum
769 2562 848 2623 atque
861 2567 913 2607 nn·

124 2663 222 2708 tarrtcm
237 2668 251 2705 a
268 2660 320 2706 tam
334 2649 431 2704 inlclici
446 2646 589 2702 retinaculo
605 2645 801 2714 abrumperem,
815 2652 842 2697 et
854 2642 913 2697 cui-

122 2745 183 2799 dam
205 2742 260 2797 sedi
282 2741 391 2795 oruniuo
413 2739 578 2792 inconcussae
600 2734 740 2804 stabilique
762 2734 911 2804 religarem.

124 2834 207 2891 Τιιιιι.
219 2848 236 2886 o
250 2832 391 2895 liioscore,
406 2843 457 2882 nce
476 2826 595 2882 Persium
610 2834 682 2879 tirum
700 2824 810 2894 respicis
830 2824 914 2878 insul·

125 2933 224 2979 tantcur
240 2922 286 2976 tibi
302 2928 424 2975 contorto
436 2918 577 2979 versiculo,
592 2916 639 2970 scd
653 2915 732 2985 plane
746 2914 847 2985 puerile
865 2929 913 2970 ca·

124 3023 179 3085 put,
193 3013 215 3067 si
237 3026 331 3066 seusus
352 3009 431 3074 adsit,
454 3008 550 3065 idoneo
573 3005 687 3075 colapho
708 3005 913 3061 contundentem

123 3116 203 3174 atque
216 3109 382 3159 coercentem
397 3117 405 3155 r

170 3256 235 3314 seire
246 3260 313 3305 tuum
325 3252 385 3303 nihil
397 3259 444 3314 est,
455 3254 501 3303 nisl
512 3260 538 3305 te
554 3255 618 3304 seire
626 3253 672 3302 boe
680 3253 740 3303 sciat
751 3252 830 3303 alter?

513 3334 621 3400 (t‘erst'rrs
631 3341 717 3400 satyro
728 3337 762 3398 ι.)

127 3484 187 3549 Tot,
200 3491 228 3538 ut
242 3481 363 3552 superius
372 3481 437 3546 dixi,
451 3480 536 3552 legisti
549 3481 678 3549 dialogos,
695 3488 733 3534 tot
745 3478 917 3549 philosopho-

126 3590 185 3629 rum
199 3573 414 3629 altercationibus
426 3586 473 3626 cor
492 3572 637 3626 inseruisti.
653 3571 699 3625 liic
715 3571 779 3624 mibi
792 3571 851 3640 quis
868 3584 915 3623 eo·

126 3680 185 3718 uranx
199 3663 277 3717 linem
286 3663 534 3717 actiouumsuarum
543 3661 744 3715 constitueritiu
754 3658 824 3714 lanra
834 3659 915 3731 vulgi,

125 3764 168 3808 aut
181 3754 206 3808 in
218 3753 306 3823 lingua
317 3752 452 3806 bominum
466 3752 506 3806 vel
517 3751 647 3806 bonorum
656 3759 735 3820 atque
744 3750 915 3821 sapientium.

126 3845 277 3909 Τιιιιιιιιιιι,
293 3852 320 3898 ιι
332 3842 402 3913 quod
415 3842 499 3913 magis
511 3841 661 3912 pudendum
675 3852 724 3908 est,
736 3842 791 3912 jam
809 3842 917 3912 rrauiga·

126 3944 211 4002 turin,
227 3934 291 3989 satis
306 3933 431 4003 praeclare
446 3941 471 3987 te
485 3932 511 3987 in
525 3931 613 3987 hirica
633 3932 778 4002 proiecisse
800 3932 915 3997 testaris,

61 4071 66 4079 .
127 4039 187 4077 cnm
199 4023 276 4078 aliam
290 4022 324 4078 ob
337 4037 443 4078 causam
454 4029 480 4077 te
493 4022 567 4077 oneri
581 4036 633 4075 non
648 4035 708 4076 esse
719 4022 819 4077 asseris
830 4035 915 4092 negu-

128 4115 295 4180 tiusissimis,
309 4122 336 4168 et
349 4114 375 4168 in
390 4113 440 4167 alia
453 4113 533 4184 longe
549 4112 673 4168 distantia
694 4113 802 4168 intentis
814 4113 918 4182 episco-

128 4208 183 4275 pis,
199 4215 226 4261 nt
240 4206 285 4260 tibi
300 4213 434 4276 exponant
448 4205 604 4261 Ciceronem
617 4246 625 4269 ,
640 4205 690 4261 nisi
701 4206 762 4276 quia
776 4206 853 4261 times
868 4205 916 4261 lro·

129 4299 213 4352 uiues
234 4295 362 4366 proclives
375 4295 408 4349 ad
421 4294 633 4366 vituperandum,
649 4310 682 4349 ne
695 4294 872 4366 interrogatus
882 4294 916 4351 ab

128 4389 178 4453 eis,
189 4387 211 4440 si
230 4400 281 4441 non
300 4384 478 4454 responderis,
489 4385 611 4440 indoctus
625 4393 652 4440 et
663 4383 746 4441 hebes
760 4384 874 4456 puterisl
893 4386 916 4441 0

130 4494 186 4534 reru
200 4478 305 4549 diguam
321 4478 418 4547 vigiliis
431 4485 458 4532 ιι
470 4477 697 4533 lucubrationibus
713 4478 914 4548 episcoporumt

164 4570 190 4626 ι.
206 4569 263 4625 Nun
274 4568 338 4625 nrilri
348 4569 445 4623 sideris
454 4568 558 4624 aliunde
568 4568 627 4625 dies
637 4578 780 4641 noctesque
787 4572 914 4643 cogitare,

130 4660 179 4715 uisi
188 4669 216 4714 nt
224 4660 249 4714 iu
258 4659 352 4714 studiis
361 4659 411 4714 tuis
420 4658 624 4730 atquedoctriua
635 4658 751 4716 lauderis
761 4661 795 4715 ab
803 4661 918 4717 lromini·

130 4754 188 4809 irus.
199 4751 275 4821 Qurrd
285 4751 335 4807 etsi
348 4764 453 4820 semper
471 4750 505 4805 ad
524 4760 597 4807 certa
612 4758 640 4806 et
656 4761 728 4807 recta
748 4751 917 4808 tendentibus

130 4841 305 4911 periculosum
316 4855 375 4895 esse
388 4841 513 4910 judicavi,
528 4856 598 4896 nuuc
610 4849 698 4896 tamen
712 4842 740 4897 in
759 4849 785 4898 te
803 4843 917 4898 maxime

130 4932 261 5004 experior.
276 4931 334 4986 llon
349 4931 420 4985 euim
435 4929 542 4985 aliunde
554 4945 633 5000 quam
648 4945 679 4986 ιιι
694 4931 786 4987 eadem
800 4932 918 5002 pernicie

131 5036 181 5077 nou
201 5022 288 5079 uidisti
303 5037 354 5092 qna
370 5021 476 5076 tandein
500 5037 529 5076 re
546 5036 685 5092 possemus
698 5024 813 5090 moueri,
829 5032 857 5078 ut
870 5024 916 5079 tibi

129 5114 200 5183 qrrrnl
221 5114 328 5184 petebas
341 5113 474 5168 daremus.
490 5112 573 5181 Quam
588 5113 659 5168 enim
673 5128 797 5185 peruerse
812 5123 838 5170 tu
860 5116 917 5187 ipse

131 5219 182 5258 uon
197 5205 313 5261 abaliud
327 5205 359 5259 ad
373 5219 404 5259 ca
420 5203 546 5259 discenda
565 5220 625 5275 quae
642 5205 790 5276 interrogas
804 5208 916 5279 raperis,

131 5296 180 5350 uisi
199 5307 227 5350 ut
248 5295 377 5361 lauderis,
392 5304 437 5349 atu
457 5311 508 5351 uou
524 5296 680 5367 vitupereris
701 5298 735 5354 ab
749 5297 916 5370 hominibus;

133 5395 185 5439 tam
201 5401 326 5455 peruerse
338 5386 418 5443 etiam
434 5402 483 5443 uos
496 5396 571 5457 putas
584 5388 611 5442 in
624 5397 668 5443 tua
681 5389 808 5458 petitione
820 5391 917 5449 talibus

132 5476 218 5530 causis
231 5474 349 5546 allegatis
363 5476 474 5531 nroveri.
495 5477 529 5531 Et
547 5476 647 5532 utinam
659 5492 798 5548 possemus
812 5479 917 5537 ellioere

132 5576 161 5620 ut
175 5574 203 5620 tu
215 5582 320 5638 qnoque
332 5575 385 5623 um
399 5568 470 5624 itrarri
489 5577 568 5639 atque.
585 5569 671 5625 laliaci
692 5568 813 5625 trunane
833 5570 918 5629 laudis

132 5654 203 5715 buno
214 5654 324 5715 mitrirue
335 5656 498 5723 morereris,
514 5673 576 5717 curu
587 5658 634 5715 tibi
653 5674 702 5717 nos
722 5658 916 5731 indicaremus,

721 251 960 314 EPlSTOthlUbl
978 252 1114 313 chussts
1125 253 1158 311 lt.

1704 266 1757 323 ιιι

968 381 1019 422 non
1030 367 1063 422 ad
1075 368 1254 439 prestandum
1268 369 1313 427 tibi
1325 373 1396 444 quod
1407 373 1485 445 petis,
1501 377 1625 447 quoniam
1645 378 1702 434 broc
1721 382 1756 439 de

966 465 992 512 te
1006 459 1109 525 scribis,
1124 459 1170 515 sed
1188 460 1221 515 ad
1241 468 1266 516 te
1280 463 1467 534 corrigendum
1480 469 1597 523 mouerit
1611 467 1697 525 llorer
1710 471 1758 525 bo-

964 548 1071 612 nriuuru,
1091 549 1188 620 inquis,
1210 553 1331 621 proclives
1347 564 1406 609 suut
1426 556 1460 610 od
1473 557 1673 628 uituperoudrtm.
1688 560 1757 629 Quid

964 638 1079 694 deiude?
1093 639 1124 694 st
1142 641 1311 712 interogatus
1329 646 1385 714 quis
1406 662 1457 700 nou
1475 648 1640 718 responderit,
1654 650 1753 722 inquis,

964 730 1081 786 indoctus
1091 741 1114 787 et
1129 734 1202 788 hebes
1213 735 1352 805 putabitur.
1367 737 1437 793 Ecce
1451 753 1501 810 cgo
1515 748 1541 795 te
1553 740 1687 812 interrogo
1702 760 1755 799 nou

964 823 997 879 de
1011 823 1147 881 Ciceronis
1158 827 1231 885 libris
1245 829 1360 899 aliquid,
1371 832 1448 901 cnjrrs
1461 847 1569 889 sensum
1590 834 1701 893 tortasse
1716 837 1755 894 lc·

964 925 1057 986 gentes
1071 918 1197 989 indagare
1211 935 1262 974 non
1271 931 1393 991 possunt,
1405 923 1451 978 sed
1462 923 1497 979 de
1506 924 1619 993 epistula
1633 928 1688 995 ipsa
1700 936 1754 993 tua,

964 1007 1036 1063 etde
1050 1010 1181 1065 sententia
1202 1011 1344 1067 uerborum
1365 1020 1480 1069 tuorum.
1499 1015 1596 1084 Quaero
1617 1017 1687 1072 enim
1707 1033 1757 1073 cur

964 1113 1018 1152 uon
1029 1098 1145 1167 dixeris,
1160 1101 1210 1169 Qui
1223 1119 1275 1157 nou
1289 1104 1476 1174 responderit,
1493 1106 1615 1163 indoctus
1628 1119 1655 1164 et
1672 1109 1755 1166 hebes

963 1191 1185 1259 manifestabitur,
1202 1195 1248 1250 scd
1269 1196 1357 1265 potius
1378 1196 1495 1262 dixeris,
1511 1197 1634 1254 lrrdoctus
1647 1209 1669 1255 ct
1682 1201 1755 1257 heber

964 1283 1108 1353 puluinum·
1118 1286 1168 1340 nisi
1182 1286 1242 1356 quia
1257 1287 1321 1341 satis
1331 1287 1410 1342 etiam
1421 1288 1477 1358 ipse
1488 1289 1623 1360 intelligis,
1636 1305 1697 1345 eum
1710 1293 1756 1362 qui

965 1374 1026 1430 talia
1040 1390 1092 1430 nou
1105 1376 1282 1447 responderit,
1297 1394 1350 1433 nou
1362 1393 1422 1435 osse
1436 1379 1571 1436 indoctum
1582 1390 1609 1437 et
1619 1382 1753 1451 hebetem,

964 1466 1011 1521 sed
1026 1467 1122 1536 putari.
1135 1467 1170 1522 ut
1182 1482 1231 1538 cgo
1242 1476 1268 1524 te
1279 1468 1421 1536 admoneo,
1433 1485 1494 1525 enm
1507 1460 1554 1541 qui
1570 1471 1660 1526 talium
1680 1481 1757 1542 puta·

965 1568 1051 1615 torum
1064 1560 1161 1631 linguis
1175 1570 1301 1631 tanquam
1312 1561 1422 1618 falcibus
1436 1563 1541 1619 concidi
1555 1564 1640 1631 timet,
1655 1564 1756 1635 liguum

964 1665 1024 1707 esse
1041 1651 1155 1719 aridum,
1171 1663 1199 1708 ot
1217 1653 1278 1709 ideo
1291 1669 1344 1709 nou
1360 1655 1446 1725 putari
1462 1664 1563 1710 tantum
1579 1656 1713 1712 indoctum
1728 1666 1756 1713 et

964 1742 1097 1810 hebetem,
1113 1743 1159 1799 sed
1176 1759 1239 1800 rere
1249 1760 1310 1801 csse
1322 1753 1402 1815 atque
1414 1744 1545 1802 corrrinoi.

999 1833 1026 1888 5.
1047 1833 1171 1890 Fortasse
1189 1834 1289 1890 dixeris
1307 1852 1314 1889 τ
1330 1835 1382 1891 Sed
1403 1851 1463 1890 eum
1487 1836 1570 1893 hebes
1590 1839 1680 1893 animo
1702 1854 1755 1895 uon

964 1924 1024 1990 sim,
1036 1933 1063 1979 ιι
1074 1925 1205 1995 praecipue
1218 1941 1272 1980 uua
1284 1940 1343 1981 csse
1356 1926 1487 1992 studeam,
1499 1926 1560 1982 nolo
1573 1927 1654 1983 hebes
1666 1930 1756 1985 animo

963 2015 1005 2070 uel
1021 2016 1117 2084 putari.
1130 2016 1226 2082 liccte;
1243 2016 1289 2071 sed
1303 2032 1356 2087 quo
1371 2016 1422 2071 line
1436 2018 1513 2085 nolis,
1530 2017 1556 2072 id
1566 2033 1667 2087 quzuro.
1679 2018 1756 2087 Quod

964 2106 1034 2162 enirn
1050 2106 1077 2160 iu
1090 2106 1141 2161 illis
1152 2107 1344 2177 questionibus
1357 2107 1507 2176 aperiendis
1523 2108 1567 2163 tibi
1582 2116 1609 2163 ct
1622 2108 1757 2178 explican-

963 2197 1016 2262 dis,
1038 2212 1088 2252 uco
1103 2197 1179 2253 nubis
1198 2198 1273 2252 oneri
1287 2214 1346 2254 osse
1365 2184 1517 2264 dubitasti,
1527 2199 1595 2255 lianc
1608 2214 1714 2255 cansam
1728 2208 1757 2256 et

964 2286 1035 2342 htrne
1048 2287 1125 2342 liueru
1139 2302 1199 2343 esse
1211 2287 1318 2353 dixisti,
1333 2297 1361 2343 et
1375 2296 1428 2342 tam
1443 2291 1639 2358 necessarium,
1656 2298 1684 2344 ut
1696 2304 1755 2345 earu

964 2378 1072 2432 niarium
1088 2378 1271 2433 necessitatem
1285 2379 1443 2448 appellares,
1459 2396 1492 2434 ne
1505 2380 1606 2434 scilicet
1618 2380 1651 2435 de
1666 2380 1707 2436 his
1720 2380 1757 2435 in·

966 2478 1113 2539 terrogatus
1130 2486 1215 2540 uequc
1228 2470 1408 2540 respondens,
1423 2470 1456 2525 ab
1469 2470 1620 2527 lroruinibus
1637 2472 1671 2526 ad
1685 2471 1757 2527 ritu·

965 2561 1110 2631 perandunr
1122 2561 1290 2631 proclivibus,
1306 2561 1387 2617 bobes
1397 2561 1569 2632 indoctusque
1580 2563 1690 2633 puteris.
1700 2562 1757 2634 Ego

965 2662 1055 2707 autem
1068 2667 1166 2722 quaero,
1183 2652 1293 2708 hoccine
1306 2661 1389 2708 totum
1400 2653 1434 2707 sit
1448 2667 1521 2708 eura
1535 2653 1611 2708 nobis
1623 2654 1672 2709 ista
1686 2651 1758 2708 desi·

966 2742 1063 2809 dores,
1088 2758 1122 2797 au
1143 2743 1222 2798 etiam
1247 2743 1369 2799 indoctus
1390 2752 1418 2799 et
1440 2743 1523 2799 hebes
1544 2744 1630 2814 putari
1650 2751 1759 2813 propter

965 2834 1037 2890 aliud
1052 2835 1149 2906 aliquid
1160 2836 1238 2891 nolis.
1251 2835 1280 2891 Si
1297 2835 1349 2891 hoc
1362 2846 1447 2892 toturn
1464 2846 1515 2904 est,
1529 2836 1627 2902 cernis,
1642 2844 1671 2891 ut
1684 2833 1759 2891 arbi·

965 2934 1031 2992 tror,
1044 2923 1114 2980 burro
1126 2940 1185 2981 csse
1199 2924 1279 2981 llrreru
1293 2935 1346 2981 um
1358 2924 1521 2982 vehementis
1532 2925 1685 2981 intentionis
1696 2932 1758 2992 tna,

965 3030 1017 3085 qua
1030 3015 1106 3071 nobis
1120 3031 1225 3087 quoque
1242 3017 1317 3072 oneri
1330 3032 1376 3085 cs,
1392 3025 1421 3072 ut
1435 3016 1537 3073 lateris.
1558 3016 1626 3084 Qxxid
1640 3023 1759 3072 atrtcmtr

967 3107 1094 3162 Dioscoro
1114 3117 1202 3177 potest
1221 3109 1297 3163 uubis
1317 3123 1377 3163 esse
1395 3109 1487 3174 oneri,
1510 3107 1561 3161 nisi
1583 3106 1652 3176 quod
1672 3106 1759 3176 ipsum
1851 3100 1859 3115 ⁹

968 3200 1122 3255 ltioseorum
1140 3201 1219 3256 ctiam
1235 3201 1398 3257 nescientem
1414 3201 1525 3255 onerati
1539 3200 1609 3270 qnod
1624 3216 1678 3254 non
1696 3214 1753 3257 sen·

968 3291 1025 3357 tict,
1041 3291 1092 3345 nisi
1106 3305 1166 3345 curn
1180 3306 1288 3362 surgere
1303 3291 1432 3355 s'olrrerit3
1447 3299 1526 3361 atque
1541 3291 1641 3345 utinam
1655 3305 1707 3345 nou
1720 3288 1759 3345 sio

966 3382 1109 3451 alligentur
1128 3380 1185 3435 hue
1199 3395 1298 3447 ortera,
1313 3389 1343 3435 ut
1357 3380 1452 3435 trustra
1470 3381 1549 3434 ctiam
1565 3379 1691 3434 humeros
1710 3392 1759 3434 co·

967 3481 1046 3526 uetur
1055 3472 1193 3527 excutere!
1203 3470 1278 3537 Quod
1290 3486 1342 3525 non
1355 3471 1415 3526 idco
1427 3470 1497 3536 dico,
1512 3471 1573 3539 tqrria
1587 3470 1643 3524 istro
1653 3468 1760 3525 discun-

969 3571 1011 3618 tur
1029 3563 1209 3633 qntestiones,
1225 3562 1271 3618 sed
1294 3562 1355 3632 ‹pria
1379 3562 1423 3618 tali
1446 3562 1497 3617 line
1514 3560 1662 3616 discuntur.
1682 3559 1761 3615 llrtnc

968 3655 1039 3709 enixu
1052 3654 1130 3709 finem
1141 3654 1196 3724 jam
1211 3664 1283 3710 ccrtc
1292 3655 1374 3711 scutis
1384 3669 1444 3710 esse
1454 3653 1630 3724 trugatorium,
1640 3653 1758 3720 inanem,

968 3755 1117 3802 ventosum.
1137 3746 1222 3802 llabct
1243 3757 1270 3802 et
1293 3756 1423 3802 tumorem
1437 3788 1445 3814 ,
1460 3747 1510 3803 snb
1524 3761 1577 3817 quo
1590 3747 1670 3802 etiarn
1686 3744 1761 3801 tabes

968 3837 1096 3908 gignitur,
1114 3846 1142 3892 et
1162 3837 1257 3908 pupula
1270 3838 1366 3893 ruentis
1380 3837 1413 3892 ad
1427 3853 1479 3892 uon
1493 3836 1633 3893 uidendam
1645 3835 1760 3906 opulen-

969 3930 1031 3984 tiam
1045 3929 1163 3984 reritatis
1174 3929 1328 3985 otlxnrditur.
1342 3928 1438 3997 Crede,
1452 3929 1491 3985 sie
1504 3936 1556 3996 est,
1571 3929 1607 3984 mi
1621 3928 1758 3994 Dioscore,

968 4019 1003 4074 ita
1017 4027 1043 4074 te
1055 4017 1129 4075 lruar
1142 4020 1168 4074 in
1183 4020 1239 4089 ipsa
1253 4020 1405 4085 voluntate,
1423 4027 1450 4076 et
1464 4021 1491 4075 in
1502 4021 1569 4090 ipsa,
1581 4020 1656 4089 cujus
1666 4019 1760 4075 umbra

967 4110 1108 4177 averteris,
1124 4109 1250 4180 dignitate
1266 4110 1397 4165 ueritatis·
1406 4109 1484 4167 Unde
1495 4110 1566 4165 euim
1579 4109 1637 4177 tibi,
1653 4110 1704 4164 nisi
1718 4110 1761 4165 ιιι

968 4199 1019 4255 boc
1029 4200 1107 4256 modo
1117 4240 1125 4268 ,
1136 4199 1169 4256 de
1182 4200 1232 4256 bac
1244 4217 1273 4256 re
1287 4200 1367 4257 ltdem
1381 4200 1486 4267 laciam,
1501 4216 1553 4256 uou
1568 4201 1683 4257 inuenio.
1699 4200 1760 4275 Non

968 4294 1039 4348 euim
1053 4292 1126 4348 rides
1137 4308 1206 4357 eam,
1217 4302 1264 4348 aut
1275 4291 1418 4347 ullomodo
1429 4292 1545 4362 quaudiu
1559 4292 1655 4363 linguis
1669 4291 1760 4347 huma·

967 4381 1010 4437 nis
1024 4381 1131 4438 ruinosa
1145 4382 1239 4453 gandia
1251 4382 1395 4447 construis,
1412 4392 1488 4453 potes
1502 4396 1560 4438 earu
1573 4382 1673 4439 ridere.

1004 4475 1030 4531 s.
1050 4474 1080 4530 Si
1093 4483 1181 4530 antem
1197 4474 1232 4529 ibi
1246 4489 1298 4530 uon
1310 4476 1369 4530 llnis
1379 4483 1419 4530 cst
1432 4474 1525 4529 harum
1535 4474 1668 4531 actionum
1680 4481 1760 4546 atque

968 4568 1122 4624 intentionis
1137 4577 1199 4635 ture,
1213 4569 1259 4624 sed
1272 4578 1382 4640 propter
1397 4569 1467 4625 aliud
1482 4570 1581 4641 aliquid
1598 4569 1721 4627 indoctus
1732 4579 1761 4627 et

968 4659 1110 4714 lrcbesnou
1121 4658 1271 4729 rispntari;
1284 4675 1375 4730 quaero
1384 4661 1448 4731 qnid
1459 4660 1521 4716 illud
1535 4662 1585 4717 siti
1597 4661 1624 4717 Si
1637 4670 1760 4732 propter·

968 4764 999 4805 ea
1011 4765 1045 4805 nc
1058 4751 1194 4821 angustior
1204 4749 1250 4804 tibi
1260 4750 1346 4806 aditus
1364 4750 1398 4805 ad
1411 4751 1586 4822 amoliendas
1599 4752 1760 4823 temporales

967 4839 1082 4904 diuitias,
1099 4854 1208 4895 uxorem
1222 4840 1425 4909 impetrandam,
1439 4842 1557 4897 lrouores
1570 4842 1756 4911 capessendos,

968 4938 996 4984 ct
1007 4936 1104 4984 catera
1123 4928 1292 4997 instiusmodi,
1307 4930 1433 4999 praecipiti
1448 4930 1519 4985 lluxn
1533 4932 1757 5001 transcurrentia,

968 5030 1047 5090 atque
1060 5020 1086 5074 in
1099 5034 1129 5074 se
1142 5020 1229 5089 lapsos
1243 5019 1270 5074 iu
1284 5020 1366 5075 imum
1386 5021 1528 5090 rapientia;
1541 5022 1672 5092 nequead
1687 5020 1760 5081 hune

969 5112 1049 5166 hnem
1063 5111 1108 5165 tibi
1120 5109 1220 5165 seruire
1238 5125 1288 5167 uos
1301 5110 1393 5177 decct,
1407 5111 1460 5165 imo
1474 5111 1550 5167 decet
1563 5112 1643 5167 etiam
1658 5113 1720 5169 hinc
1731 5123 1760 5171 te

969 5218 1102 5258 arnorerc.
1118 5202 1177 5258 Nou
1191 5203 1262 5258 enim
1280 5204 1319 5259 sic
1333 5212 1358 5259 te
1372 5203 1543 5274 prohibemns
1560 5204 1587 5259 io
1607 5205 1708 5261 incerto
1721 5206 1760 5264 ta·

968 5310 1020 5350 urae
1034 5294 1114 5349 linem
1128 5309 1236 5364 ponere,
1248 5304 1278 5350 ut
1290 5294 1558 5366 tauquamdelliueio
1572 5297 1599 5352 in
1612 5297 1759 5358 Eridanum

968 5387 1098 5459 enrigres;
1113 5397 1201 5458 quote
1219 5389 1275 5458 ipse
1287 5389 1398 5446 tortasse
1409 5389 1518 5446 llincius
1530 5391 1609 5446 ctiam
1623 5406 1676 5447 uon
1690 5394 1759 5449 emi·

968 5488 1088 5551 grantcm
1100 5481 1265 5552 impingeret.
1278 5482 1343 5537 Cum
1356 5482 1426 5537 eninr
1439 5497 1490 5537 non
1504 5482 1639 5539 satiaverit
1652 5482 1761 5541 avidum

969 5571 1089 5640 spiritum
1105 5572 1207 5627 sarriens
1219 5570 1303 5627 laudis
1315 5570 1448 5640 hamana,
1461 5573 1521 5644 quia
1538 5574 1605 5630 nibil
1620 5575 1653 5631 ad
1665 5576 1760 5631 ribau-

970 5663 1033 5718 dnm
1047 5661 1125 5730 alfort
1137 5661 1187 5719 uisi
1202 5662 1280 5719 inane
1294 5670 1321 5728 et
1333 5662 1460 5745 iubatum,
1475 5666 1546 5739 cogit
1559 5680 1617 5724 eam
1632 5668 1689 5743 ipsa
1701 5670 1758 5725 aui¹
