3906 6390
249 385 294 450 ris,
310 379 566 436 doctissitniitotnines
581 382 675 451 sertum,
699 388 753 450 post
773 379 865 434 obitum
888 380 1002 451 corporis
1015 381 1041 435 in

248 473 310 528 cselo
331 472 485 526 domicilium
507 470 663 542 preparari,
683 479 711 523 ut
729 471 853 540 protractio
874 469 989 540 quaedam
1008 470 1043 524 ad

247 580 383 631 stepernnm
397 572 538 634 prestetur,
553 562 592 616 ieie
605 562 758 630 irentinibtts,
770 561 813 634 qui
825 561 929 616 benetie
942 562 1041 633 penita-

248 650 315 708 libus
330 653 433 707 urbibus
443 662 604 718 neerucrunt;
618 663 642 706 et
652 653 679 706 iti
693 653 773 724 maqis
785 668 841 706 runt
856 651 1040 720 Deoitabitent,

245 746 286 817 qui
300 747 407 805 salutem
420 746 527 812 dedisse,
549 752 595 800 ant
616 745 739 813 consiliis,
759 755 802 800 aut
817 744 933 816 operibns
951 745 1042 815 patria

245 837 393 891 doceamur.
403 834 464 891 laen
476 834 542 890 iliud
550 836 618 906 quad
626 835 900 907 ioculariterdiqnatae
910 850 936 889 es
946 835 1038 902 dicere,

245 927 331 982 urbem
345 937 515 983 nostrumnon
528 927 616 993 aratis,
628 925 672 980 sed
684 926 795 997 pantanis
806 925 979 997 incendiisque
990 925 1040 995 pia·

244 1036 327 1092 qnare,
344 1029 368 1074 et
380 1020 467 1091 spinas
482 1019 564 1091 nmqis
575 1021 724 1090 ingenerare
741 1035 816 1089 quarn
831 1019 917 1089 poree,
938 1033 988 1072 non
1002 1025 1040 1072 est

244 1112 356 1166 maciaco
369 1112 537 1185 reprehensio,
555 1127 612 1166 cunt
625 1112 736 1165 aturrus
750 1112 827 1182 plores
841 1126 872 1165 ea
889 1108 970 1179 spinis
983 1109 1038 1179 pic-

245 1218 350 1273 turaque
360 1203 483 1275 prosecari.
499 1201 567 1256 Nam
578 1211 602 1257 et
616 1218 686 1256 rosas
698 1217 730 1256 es
741 1201 821 1271 spiteie
834 1200 904 1272 qiqni
917 1201 973 1271 quis
987 1198 1037 1252 du-

245 1294 317 1360 bitat,
332 1306 355 1350 et
369 1298 454 1366 [rupes
467 1295 535 1365 ipsas
549 1296 684 1349 aristarum
695 1294 761 1348 uallo
775 1293 862 1364 sepiri,
877 1292 912 1347 ita
924 1301 952 1346 nt
964 1308 1038 1364 aspe-

246 1386 281 1440 ris
294 1387 380 1441 suuoia
393 1385 538 1458 pernicesque
553 1387 714 1439 misceantur.

279 1477 305 1531 5.
322 1475 481 1530 Postremum
494 1476 542 1547 {uit
554 1476 581 1529 in
596 1474 684 1530 litteris
696 1472 857 1530 Ptueetantia
869 1483 919 1530 tua
929 1491 980 1529 non
991 1491 1036 1528 ca-

245 1575 289 1637 put
298 1575 342 1620 aut
357 1566 504 1637 sanquinem
517 1566 542 1619 in
557 1565 677 1620 Ecclesia
692 1566 817 1636 postulari
830 1565 977 1633 uindictam,
993 1567 1037 1621 scd

243 1658 332 1728 quibus
345 1658 417 1712 celtes
432 1658 540 1712 maciem
559 1666 673 1712 metuunt
686 1657 845 1728 spoliandos.
869 1656 925 1729 Epo
937 1668 1033 1724 autent,

243 1748 292 1801 nisi
309 1764 347 1802 tne
360 1747 445 1818 opim'o
459 1745 536 1818 ialiit,
556 1748 593 1801 sie
606 1748 727 1814 arbitror,
744 1747 846 1818 precius
863 1763 916 1801 esse
928 1747 1035 1818 spoliari

243 1839 403 1909 facultalibus
416 1855 490 1909 quam
504 1839 593 1893 occidi.
611 1839 742 1909 Siquidem
760 1839 828 1912 quod
844 1843 1034 1911 frequentatum

241 1933 268 1986 itt
283 1931 370 1986 litteris
385 1932 461 1998 nosti,
473 1947 541 1985 mors
554 1931 678 1985 naulorum
691 1932 806 1985 artemam
824 1933 907 2005 aufert
923 1946 1032 1996 seruant,

240 2032 352 2093 eqestosa
374 2022 424 2074 uita
444 2030 563 2075 eternam
578 2020 645 2092 parit
663 2020 856 2074 calamitatem:
873 2021 975 2092 qraoius
997 2030 1034 2074 eet

240 2111 306 2165 enim
319 2110 384 2164 neele
398 2110 487 2175 uicere,
502 2125 577 2180 quatre
599 2108 666 2163 nula
679 2118 758 2162 steorte
776 2109 860 2178 finire.
881 2107 938 2162 lloc
958 2109 1034 2163 etiarn

240 2217 324 2273 operat
337 2211 424 2256 uestra
436 2201 530 2254 itniicat
548 2201 624 2266 ratio,
642 2200 668 2253 in
681 2199 771 2270 quibus
785 2214 909 2270 pauperes
922 2200 1033 2254 sustine-

240 2296 282 2362 tis,
293 2290 419 2349 nmrbidos
430 2293 559 2347 curatione
570 2291 696 2358 celeratis,
710 2291 861 2346 treduinum
872 2291 969 2362 afflictis
979 2306 1033 2345 cor·

240 2386 344 2456 periitne
364 2382 504 2447 adbibetis,·
519 2383 546 2437 id
560 2393 685 2452 postremo
706 2381 788 2436 aredis
812 2381 928 2436 erunibus
948 2381 1032 2452 aqitis,

240 2485 268 2529 ut
280 2475 469 2529 diuturnitatem
482 2473 635 2528 calamitatis
647 2473 733 2544 afflicti
754 2489 804 2527 non
824 2474 942 2530 seruiunt.
956 2472 1031 2539 Quot

239 2575 324 2620 autem
345 2566 379 2618 ad
401 2565 503 2618 medune
526 2564 631 2634 pertinet
657 2572 824 2634 peecatorum,
846 2562 912 2617 niltii
931 2562 1033 2617 interest

239 2656 314 2730 quate
327 2656 440 2710 uideatur
450 2671 504 2710 esse
517 2664 644 2725 peccatum
654 2653 696 2707 cni
708 2653 865 2723 indulpcntia
879 2654 1030 2724 postuletne.

241 2745 359 2800 Priorum
379 2746 444 2800 enirn
458 2745 480 2799 si
492 2744 637 2816 punitentia
656 2753 678 2798 et
692 2743 789 2797 aetnam
804 2744 889 2797 tribuit
906 2753 929 2796 et
943 2753 1033 2814 purqnt

238 2837 387 2903 decumum,
410 2836 511 2907 pereites
529 2837 614 2903 utique
631 2835 703 2888 ilium
723 2835 766 2903 qai
787 2844 869 2905 roqnt,
893 2835 935 2903 qni
958 2833 1033 2904 perles

238 2925 422 2997 conspicentur,
439 2935 473 2993 et,
492 2925 524 2991 si,
546 2935 573 2979 nt
593 2924 744 2997 quibusdam
758 2920 916 2995 pitilosepitis
939 2926 1031 2995 piacet,

238 3018 323 3074 emnia
341 3026 442 3088 peccata
455 3016 527 3086 paria
551 3024 619 3080 eunt,
643 3014 801 3085 indulqcntia
824 3015 940 3068 eructibus
962 3014 1032 3069 debet

238 3123 291 3163 esee
302 3106 452 3162 cotrtrttunis.
465 3104 625 3159 Petulantiae
636 3103 734 3160 incultu
743 3113 779 3159 eet
790 3104 892 3174 reliquis,
904 3105 1032 3176 peccabit;

236 3198 350 3253 certmcia
371 3206 415 3251 aut
437 3197 545 3250 ctitnina
566 3195 683 3267 inqessit,
705 3211 776 3266 aque
798 3197 927 3267 peccauit,·
948 3196 1033 3250 aliena

235 3290 368 3362 quisperant
381 3289 495 3360 diripuit,
503 3289 568 3342 inter
580 3287 671 3342 delicta
681 3297 845 3351 munimntum·
858 3287 913 3343 ioca
922 3290 1032 3359 prolana

234 3395 337 3436 unane
350 3379 459 3446 uiolauit,
470 3394 520 3432 non
530 3387 565 3433 est
579 3376 611 3431 ab
622 3377 779 3449 indulqentt'a
788 3378 967 3433 secernendus.
981 3376 1033 3433 ro·

234 3480 326 3528 streete
337 3472 423 3526 nullus
433 3481 495 3525 esset
508 3471 586 3526 uenite
595 3470 675 3538 loeus,
684 3470 734 3524 crisi
741 3479 844 3541 peccata
852 3472 1030 3542 precederent.

270 3563 298 3618 l.
317 3561 393 3616 Nunc
408 3562 529 3631 quoniam
540 3578 591 3615 nott
607 3570 730 3631 quanttun
745 3560 830 3628 debui,
845 3563 891 3617 sed
907 3574 1031 3636 quantum

236 3654 315 3725 potui,
330 3654 412 3723 ntop‘tte
424 3661 451 3706 ut
464 3642 566 3719 dicitur,
579 3653 692 3708 atinusm
704 3654 833 3723 respondi,
846 3671 891 3709 oro
901 3665 977 3725 utque
987 3655 1031 3709 ob-

235 3758 315 3809 secro,
337 3744 434 3797 utittam
450 3751 599 3813 presentem
620 3757 734 3810 pometa,
755 3751 783 3795 ut
806 3743 882 3798 etiam
904 3744 1030 3814 iacrymas

235 3850 303 3889 utrem
318 3833 467 3904 pervideres,
482 3842 509 3885 ut
522 3833 564 3902 qui
577 3832 623 3899 eis,
633 3832 695 3902 quid
708 3833 860 3902 profitearis,
875 3834 936 3902 quid
953 3850 1026 3904 uque,

223 3926 309 3983 'edant
319 3935 392 3992 utque
405 3926 481 3979 etiarn
492 3924 602 3995 coqites,·
615 3923 731 3978 intendas
743 3939 800 3994 quac
812 3923 843 3977 sit
853 3922 923 3978 illiue
933 3926 1029 3996 species

223 4018 351 4085 ‘naturis
362 4033 392 4072 ra
401 4017 492 4083 quaed
500 4016 654 4087 supplicium
666 4015 773 4069 duccttdi
785 4016 964 4082 estrnltuntnr,·
973 4033 1029 4088 quee

233 4119 266 4173 eit
279 4125 396 4181 neutrum,
407 4129 462 4186 quoe
476 4112 622 4183 canjtrqum,
635 4125 691 4181 quae
703 4110 850 4175 liberorum,
865 4125 922 4179 qne
936 4127 1028 4180 paren·

234 4217 288 4262 turn
308 4205 452 4261 lantentotio
460 4218 471 4268 ,·
488 4219 538 4271 quo
552 4200 649 4272 pudore
662 4200 696 4253 osi
710 4199 821 4270 patriam
834 4200 918 4254 uenire
931 4200 1027 4269 possint
1045 4218 1050 4225 ’

234 4299 341 4364 liberati,
354 4297 398 4351 sed
410 4296 469 4350 torti
476 4312 486 4362 ,·
499 4308 561 4366 quos
573 4301 674 4346 renotat
686 4291 786 4346 dolores
795 4300 840 4345 aut
850 4292 956 4362 qemitus
966 4307 1027 4346 con·

233 4390 352 4445 sideratio
363 4387 492 4441 cecinerunt
505 4395 528 4439 et
541 4383 696 4438 cicatricum.
712 4381 746 4435 et
758 4383 797 4437 iris
806 4384 920 4438 aturribus
931 4394 1027 4454 pertru-

233 4482 315 4546 ctutis,
334 4479 415 4532 Deuca
428 4477 509 4549 prittto
521 4475 673 4535 scanderes,
688 4475 866 4545 leontinuntque
877 4476 970 4546 coqites
985 4479 1000 4548 i
1014 4506 1026 4516 ·

233 4586 312 4637 nmnt,
327 4568 463 4624 bonitatem
473 4567 581 4620 arcticum
591 4565 684 4637 potius,
704 4564 904 4636 satttiliarentque
916 4568 1024 4638 coequa-

231 4663 348 4727 ctionem,
364 4669 387 4715 et
401 4658 553 4730 ipttoecendo
566 4658 650 4728 patine
659 4655 771 4723 laudern,
785 4672 861 4727 quam
873 4656 1024 4712 uindicando

231 4755 373 4827 conquiras.
386 4753 467 4825 Atque
479 4753 532 4805 itae
542 4750 574 4804 de
586 4750 626 4804 irie
638 4749 706 4803 dicta
719 4749 781 4817 eint,
797 4764 860 4820 quos
879 4765 951 4803 acras
963 4766 1024 4805 eon-

232 4846 349 4922 fessionis
361 4858 414 4900 ente
424 4853 509 4899 reatae
520 4837 646 4913 aetnnpit.
663 4839 759 4907 Quibus
770 4840 870 4910 quidesse
884 4841 945 4912 lepis
961 4857 1023 4896 con·

232 4940 403 5012 temptatione,
415 4935 483 5010 quod
494 4933 600 4989 laudare
609 4949 659 4987 non
672 4932 770 5000 desiste,
780 4932 877 4987 tatiane
891 4932 1021 4988 tribuistis.

230 5029 291 5088 iam
309 5031 373 5086 illud
386 5029 508 5102 explicari
520 5028 562 5082 uia
581 5036 660 5099 potest
677 5037 800 5099 quantum
811 5027 966 5082 crudelitatis
979 5029 1021 5092 sit,

838 269 867 326 S.
888 266 1072 326 AUGUSTiNi
1091 267 1242 328 crisconi

1338 391 1498 454 nerstein
1519 402 1573 460 etv
1587 405 1636 479 (ι).
1842 301 1892 360 m

1095 493 1136 549 Ad
1149 499 1285 569 superioris
1302 504 1415 573 epistolae
1432 511 1515 580 capita
1535 515 1634 587 einqula
1651 526 1789 593 resportdet
1803 528 1890 586 Atreu-

1129 590 1228 659 stinns,·
1242 594 1270 647 id
1286 606 1376 668 prater
1392 602 1444 656 alia
1463 605 1590 678 refellens,
1604 613 1672 681 qnod
1690 630 1723 670 ea
1742 587 1890 680 stoicorum

1129 682 1222 752 piacita
1231 685 1365 745 Nectarius
1377 692 1520 765 induceret,
1532 701 1617 755 ontnio
1629 715 1733 775 peccata
1742 725 1798 767 cese
1803 716 1887 785 peria.

1093 785 1206 847 [loratino
1224 795 1321 852 eximio
1339 802 1487 875 meritoque
1508 806 1657 868 honorabili
1670 829 1703 870 ae
1714 822 1888 894 suscipiendo

1127 878 1202 936 fratri
1211 882 1360 958 lisciano,
1371 891 1548 965 incusamus,
1561 899 1589 954 ia
1599 901 1711 962 Domino
1724 909 1851 968 minum.

1126 988 1202 1046 CAP.
1218 993 1357 1053 inruunt.
1369 1030 1404 1041 -
1415 1002 1440 1056 l.
1453 1003 1517 1076 Legi
1531 1008 1632 1066 litteras
1643 1013 1823 1087 Benignitatiu
1835 1031 1886 1080 tae

1090 1079 1186 1148 quibus
1196 1084 1261 1139 milti
1274 1085 1353 1158 longe
1367 1100 1458 1160 postea
1473 1099 1658 1171 respondistis,
1672 1120 1752 1176 qttam
1765 1125 1842 1170 utens
1852 1116 1885 1170 ed

1090 1176 1118 1226 te
1130 1175 1302 1242 perferendas
1313 1180 1384 1237 dedi.
1400 1185 1466 1242 Nam
1478 1203 1528 1259 ego
1542 1195 1748 1268 rescripserunt,
1763 1217 1827 1260 curn
1839 1207 1885 1263 ad·

1090 1257 1144 1316 hue
1155 1264 1292 1323 nobiscum
1305 1281 1388 1340 esset,
1405 1290 1491 1347 neque
1504 1281 1654 1352 enavigasset
1666 1299 1776 1347 sanetus
1790 1293 1882 1362 irater,

1088 1359 1117 1407 et
1127 1356 1301 1428 eoepiscopus
1316 1376 1392 1418 meus
1410 1365 1556 1426 possidius.
1571 1372 1625 1429 llas
1638 1387 1728 1435 auum
1744 1398 1813 1453 quus
1832 1392 1883 1443 mei

1087 1457 1167 1501 censa
1178 1447 1215 1503 itii
1223 1449 1346 1521 dignatus
1355 1469 1384 1510 es
1394 1458 1515 1527 reddere,
1524 1468 1614 1535 accepi
1622 1470 1709 1526 areat.
1719 1475 1812 1546 april..
1824 1491 1882 1547 post

1089 1551 1196 1594 menses
1208 1539 1293 1600 lernae
1302 1554 1374 1616 octo,
1389 1565 1468 1619 quam
1481 1555 1650 1625 scripseram.
1667 1562 1795 1638 Curergo
1808 1570 1842 1625 nd
1858 1580 1882 1627 ta

1088 1635 1141 1685 tam
1161 1645 1222 1688 sero
1241 1649 1300 1691 enea
1319 1639 1417 1709 scripta
1440 1649 1618 1714 pervenerint,
1636 1661 1682 1708 aut
1697 1655 1731 1711 ad
1755 1673 1800 1714 nte
1826 1669 1880 1723 tua.

1087 1734 1196 1791 prorsus
1213 1726 1315 1798 ignoro.
1330 1730 1385 1787 Nisi
1398 1732 1464 1791 torte
1475 1739 1554 1794 ittodo
1568 1744 1715 1803 rescribere
1733 1751 1881 1820 prudentia

1088 1817 1140 1866 tuac
1154 1813 1293 1884 placuerit,
1309 1821 1380 1891 quod
1392 1822 1480 1881 lacere
1489 1839 1551 1885 ante
1562 1843 1773 1906 contempseras.
1788 1841 1872 1900 ilaus

1086 1900 1122 1957 ita
1137 1913 1188 1972 est,
1203 1909 1285 1964 miror
1300 1912 1369 1969 tende
1384 1915 1429 1969 sit.
1452 1918 1491 1972 An
1505 1920 1604 1992 aliquid
1619 1926 1726 1993 audisti,
1740 1933 1812 2002 quod
1832 1952 1881 1991 nos

1086 1992 1173 2049 edisne
1187 1995 1262 2065 latet,
1277 2000 1386 2058 tratrem
1403 2021 1492 2062 tticum
1508 2010 1657 2070 cossinium
1670 2021 1797 2077 aduersus
1809 2025 1881 2081 mres

1086 2088 1146 2138 tuos
1161 2084 1248 2157 (qnos,
1264 2105 1329 2159 pace
1345 2101 1388 2148 tua
1402 2095 1528 2164 dixerim,
1546 2102 1631 2159 multo
1646 2107 1779 2166 salubrius
1796 2113 1882 2186 diligit

1086 2173 1143 2243 ipse
1164 2193 1243 2247 quam
1263 2183 1302 2252 tu)
1323 2200 1376 2254 quo
1399 2187 1548 2256 plectantur
1568 2198 1688 2255 severius
1711 2201 1880 2273 impetrasse.

1085 2261 1151 2318 liam
1166 2265 1217 2322 hoe
1231 2278 1258 2323 et
1271 2272 1381 2341 epistola
1397 2286 1440 2331 tua
1456 2286 1481 2334 te
1498 2291 1619 2341 utetucre
1630 2287 1738 2355 indicat,
1754 2307 1817 2349 cum
1832 2298 1879 2351 ad-

1085 2368 1180 2412 mones
1195 2366 1223 2412 nt
1237 2359 1300 2415 milti
1319 2374 1382 2419 aute
1395 2370 1668 2443 ocutoscousttaura,
1686 2383 1770 2449 qualis
1784 2385 1831 2440 ilia
1849 2393 1881 2442 eit

1082 2447 1179 2515 species
1191 2450 1306 2518 ciuitatis,
1317 2471 1348 2509 ee
1356 2473 1406 2527 qua
1415 2459 1450 2512 ad
1460 2463 1612 2532 supplicium
1625 2467 1734 2525 ducendi
1743 2478 1880 2534 curatur·

1085 2545 1144 2604 tur,·
1156 2556 1214 2610 quoe
1231 2545 1263 2598 sit
1287 2557 1406 2614 matrum,
1426 2567 1484 2622 qua
1497 2557 1644 2629 conjuqune,
1660 2578 1717 2632 quoe
1730 2566 1879 2639 liberorum,

1084 2644 1141 2701 qnae
1154 2646 1286 2702 parentum
1300 2637 1446 2697 manantia
1454 2661 1464 2709 ,·
1480 2663 1529 2716 quo
1550 2652 1645 2719 pudore
1664 2655 1699 2708 ad
1712 2660 1823 2727 patriam
1837 2678 1880 2719 ae-

1084 2721 1140 2777 nire
1152 2723 1247 2792 possint
1260 2728 1368 2797 liberati,
1381 2734 1425 2787 sed
1437 2737 1514 2804 torti·;
1526 2753 1589 2808 qnoe
1609 2755 1710 2799 renonet
1721 2747 1823 2805 dolores
1836 2764 1880 2810 aut

1083 2814 1191 2883 pemitus
1212 2819 1380 2878 cotrdderatio
1401 2826 1531 2882 amictuum
1549 2840 1576 2884 et
1587 2833 1743 2891 cicatricum.
1759 2842 1839 2898 Absit
1853 2857 1882 2902 ns

1084 2901 1135 2957 ista
1149 2905 1272 2976 cuiqnam
1288 2910 1456 2971 inimicorum
1471 2929 1622 2978 nostrorum
1635 2925 1677 2980 nel
1691 2943 1738 2997 per
1755 2946 1815 2997 nos,
1838 2936 1880 2991 uel

1085 3006 1132 3065 per
1145 3010 1315 3069 quemquam,
1336 3004 1407 3073 quod
1427 3006 1590 3079 ingerantur,
1613 3013 1759 3083 intuentum
1776 3023 1836 3089 seul,
1851 3035 1880 3080 ut

1082 3084 1149 3152 diti,
1165 3087 1187 3142 si
1202 3088 1301 3159 aliquid
1318 3093 1370 3149 tale
1383 3094 1417 3150 cd
1431 3106 1457 3153 te
1471 3097 1539 3154 lama
1550 3104 1665 3171 pertulit,
1682 3111 1799 3178 apertius
1809 3114 1879 3169 edis·

1083 3189 1154 3245 sere,
1169 3189 1197 3234 nt
1216 3184 1370 3240 noverimus
1387 3188 1427 3243 nel
1442 3191 1504 3261 quiid
1522 3207 1602 3264 agere
1614 3211 1648 3252 ne
1670 3199 1720 3255 ista
1741 3202 1816 3273 stant,
1837 3210 1879 3264 rei

1083 3269 1148 3339 quid
1162 3270 1221 3329 bace
1233 3275 1403 3334 credentibus
1416 3284 1579 3352 respottdere
1593 3287 1746 3350 demamus.

1118 3358 1146 3413 2.
1172 3362 1286 3421 Litteras
1302 3383 1375 3424 meas
1389 3373 1477 3441 potius
1490 3375 1602 3446 intuere,
1616 3382 1712 3450 quibus
1732 3394 1758 3442 to
1779 3392 1878 3446 rescu-

1082 3449 1146 3508 bere
1157 3454 1254 3526 piguit;
1267 3458 1320 3515 illie
1330 3460 1473 3521 enimsatis
1481 3468 1600 3538 expressi
1609 3472 1727 3529 ausimum
1738 3488 1858 3537 nostrum
1870 3502 1875 3537 :

1082 3543 1141 3610 sed,
1157 3553 1184 3600 nt
1194 3547 1301 3617 opinor,
1316 3550 1414 3609 obtinus
1424 3555 1488 3625 quial
1502 3557 1548 3612 tibi
1559 3563 1752 3632 rescripserim,
1766 3574 1877 3628 amerino

1082 3635 1147 3690 ntilti
1162 3638 1212 3691 alia
1225 3639 1303 3711 longe
1315 3641 1418 3698 dinume
1433 3654 1461 3701 et
1474 3647 1613 3705 dissimilia
1629 3655 1752 3712 retulisti.
1768 3659 1873 3734 Quippe

1082 3726 1158 3795 quasi
1181 3730 1337 3787 rmotdatns
1347 3735 1417 3804 quud
1428 3737 1456 3791 in
1468 3738 1565 3797 litteris
1578 3744 1646 3799 meis
1660 3748 1746 3816 posui,
1762 3752 1813 3808 leue
1823 3763 1876 3812 turs

1081 3815 1217 3874 inseruisti
1236 3822 1307 3892 quod
1320 3827 1430 3883 omnino
1444 3845 1498 3885 non
1512 3835 1597 3901 posui.
1620 3836 1786 3898 Postremum
1801 3848 1874 3903 enim

1080 3907 1162 3964 luisse
1176 3911 1202 3965 in
1224 3913 1319 3970 litteris
1333 3919 1399 3973 meis
1411 3920 1488 3988 dicis,
1503 3938 1704 3999 noncupatum
1718 3939 1874 4007 sangninem

1080 3997 1108 4052 in
1123 3999 1250 4058 Ecclesiae
1275 4008 1401 4075 postulari
1428 4011 1582 4083 vindictam,
1605 4020 1652 4075 sed
1675 4023 1874 4099 rebus,qniitus

1079 4092 1197 4151 maxime
1209 4107 1330 4154 metuunt
1342 4103 1505 4172 spoliandos.
1523 4109 1624 4167 Deinde
1637 4117 1779 4174 ostendens
1790 4137 1874 4192 qttatt-

1079 4191 1135 4240 tum
1150 4188 1184 4242 sit
1196 4188 1327 4260 brocmail,
1341 4194 1463 4267 adiurtgis
1477 4208 1557 4271 atque
1570 4207 1701 4274 contexis,
1716 4209 1767 4264 nisi
1779 4216 1871 4285 tcopi·

1079 4279 1124 4335 nio
1141 4280 1216 4348 lallit,
1241 4285 1363 4341 arbitrari
1388 4292 1493 4359 gratius
1507 4308 1567 4351 csse
1580 4298 1687 4367 spoliari
1703 4301 1873 4364 facultatibus

1078 4385 1156 4441 quam
1170 4374 1265 4429 caecidi.
1284 4378 1371 4448 Atque
1383 4389 1412 4434 ut
1423 4385 1541 4452 apertius
1555 4404 1671 4458 exponas
1681 4392 1715 4448 tle
1726 4395 1822 4466 quibus
1833 4398 1872 4455 ia-

1077 4464 1339 4536 celestibusdixcris,
1361 4475 1447 4545 pergis
1470 4485 1550 4548 atque
1566 4481 1652 4549 addis,
1668 4486 1871 4560 ntelrequcntu·

1078 4563 1133 4613 tum
1149 4560 1174 4614 iu
1189 4560 1285 4618 litteris
1297 4580 1376 4621 nosse
1390 4569 1459 4639 quud
1473 4586 1545 4628 mors
1557 4576 1687 4633 tnalorum
1697 4583 1815 4640 omnium
1824 4601 1871 4643 au-

1076 4648 1144 4706 lerat
1166 4667 1285 4720 sensnm,
1310 4670 1430 4728 egestosa
1454 4672 1543 4719 antem
1565 4667 1770 4728 rita-artemam
1785 4678 1871 4747 pariat

1076 4743 1265 4801 calatnitatem.
1278 4748 1548 4822 lieittdeconclusisti,
1564 4759 1674 4828 gratius
1684 4776 1744 4820 csse
1752 4765 1778 4819 in
1792 4769 1870 4825 malis

1076 4833 1167 4890 ninere
1180 4850 1260 4907 quam
1273 4839 1341 4893 mala
1356 4851 1441 4899 morte
1453 4843 1537 4901 fistice.

1111 4925 1139 4980 5.
1153 4926 1244 4998 Etego
1256 4929 1363 5000 qrtidcm
1379 4948 1428 4989 nee
1443 4935 1470 4989 in
1485 4938 1592 5001 nostris,
1609 4940 1641 4996 ad
1653 4959 1718 5014 qttas
1731 4962 1774 5004 me
1782 4951 1870 5008 serius

1074 5012 1160 5071 leteor
1168 5017 1285 5073 animum
1296 5020 1455 5093 applicuisse
1462 5040 1541 5096 qnam
1552 5029 1660 5099 uirilem,
1671 5049 1719 5090 nce
1727 5035 1753 5091 in
1761 5043 1869 5110 restris,

229 5102 610 5194 q'ppppmpupgapppe1m201w},
633 5134 724 5192 quoqa
739 5118 844 5174 cpq'pm'pge
862 5130 958 5173 comm
970 5137 1023 5175 egge
1074 5120 1141 5176 (inas
1164 5107 1197 5162 {ib
1224 5108 1332 5165 illeiiilie
1350 5120 1429 5168 oeiale
1441 5113 1531 5183 (miei,
1547 5116 1641 5176 iiiissi'iS
1656 5126 1759 5195 uspiam
1772 5128 1869 5202 legisse

229 5209 359 5270 ducatos,
374 5206 400 5259 in
411 5202 638 5276 judiciunecnpitie
652 5201 782 5256 devocare.
802 5201 870 5267 Quos
882 5201 904 5256 si
918 5203 1023 5273 purqari
1074 5198 1164 5252 recolo
1186 5199 1257 5270 quoti
1275 5210 1395 5273 egestosa
1417 5207 1469 5261 nita
1483 5218 1610 5267 eternam
1624 5216 1709 5285 pariat
1729 5219 1867 5279 calamita·

229 5295 370 5368 corniqerit,
387 5294 492 5367 coptu,
512 5308 608 5365 queso,
632 5300 727 5362 quanta
740 5300 916 5347 accusatorum
931 5292 1022 5347 libera-
1074 5294 1139 5343 ieta.
1152 5288 1218 5346 Nam
1240 5307 1290 5348 nee
1314 5310 1429 5366 utiquam
1444 5311 1580 5370 peccatum
1595 5314 1636 5360 est
1650 5308 1781 5367 leboriae
1804 5330 1869 5386 pau.

229 5387 323 5444 burum
334 5387 439 5456 inuidia,
450 5401 572 5442 euntreoe
583 5391 673 5457 sponte
684 5382 823 5439 diremerint
834 5383 899 5448 uicti,
915 5383 1023 5455 reliquo-
1074 5387 1174 5449 melas,
1186 5390 1214 5435 et
1225 5391 1268 5437 est
1277 5382 1409 5455 aliquanta
1424 5393 1556 5448 restrictio
1566 5406 1593 5451 ct
1607 5401 1733 5456 coercitio
1746 5415 1868 5474 muana.

228 5480 281 5536 ritet
293 5479 444 5534 innocentes.
460 5478 528 5532 Deus
542 5493 656 5532 cantatus
667 5484 691 5530 te
706 5475 842 5544 cunodiat,
853 5485 876 5529 ct
887 5472 950 5547 ieqie
969 5493 1022 5534 sue
1074 5485 1145 5527 runt.
1159 5475 1198 5529 Ae
1211 5489 1259 5545 pcr
1273 5476 1323 5532 ltoe
1347 5494 1400 5534 non
1415 5492 1457 5538 est
1483 5490 1653 5546 metuendum
1679 5509 1714 5549 ne
1740 5498 1866 5570 cuiquam

230 5576 256 5624 te
265 5579 392 5625 miseeret
403 5568 548 5640 presidium
562 5576 636 5641 atque
649 5575 822 5624 arnnnentnm
834 5579 959 5627 aestuem.

1074 5625 1214 5752 502¹ti
1222 5627 1292 5744 iffi:
1304 5639 1525 5754 quapropppqqoibl
1537 5651 1605 5707 erat„
1623 5660 1688 5700 nunu
1703 5648 1745 5701 tat
1776 5654 1868 5719 sunta
