3906 6390
89 367 239 436 jussionum
263 375 398 436 potentatu
411 377 437 424 ct
450 371 605 425 auxiliorum
628 372 725 441 impetu
740 373 875 441 perturba·

89 458 157 513 stis?
172 457 199 512 ln
210 474 261 528 qua
269 461 462 516 conflictatione
474 478 533 532 quae
544 465 614 531 passi
629 464 681 519 sint
695 478 742 532 pcr
752 465 809 520 loca
822 464 875 517 sin·

88 552 160 622 grtia,
178 554 292 607 recentia
306 569 394 608 rerum
404 556 511 624 vestigia
521 564 720 620 contestantur,
736 556 875 625 ‹puoejussa

88 643 144 696 sint
156 643 254 696 chartae
268 642 462 713 iudicandarum
475 643 542 698 lancta
554 647 607 699 sint
620 655 698 700 terrae
709 647 836 710 clamant,
848 646 874 699 in

88 730 185 801 utribus
195 732 274 786 ctiam
291 733 377 801 Optati
388 731 424 805 (a)
437 733 506 788 illius
519 734 616 789 tribuni
631 734 710 788 vestri
720 742 810 789 sancta
820 747 875 788 mo·

87 820 171 874 moria
183 819 347 888 praedicatur.

122 911 149 964 l.
166 909 231 965 hem
247 909 335 964 dicere
348 911 439 965 soletis
457 911 526 980 quod
541 925 589 966 nos
600 910 697 965 Christi
716 912 873 980 eapientem

89 1012 142 1051 non
170 998 328 1063 habeamus,
353 1008 380 1053 et
398 1008 494 1067 practer
519 1010 636 1055 uestram
661 1002 886 1055 communionem·

86 1101 215 1156 nusquam
226 1087 269 1141 sit.
281 1086 387 1142 Possem
401 1087 462 1143 hinc
473 1088 720 1160 uberiusaliquanto
732 1091 872 1146 disserere.

85 1174 139 1229 Sed
151 1184 242 1229 eontra
259 1190 305 1230 ros
317 1176 371 1245 jam
388 1177 531 1247 niliilopus
543 1189 594 1244 est,
610 1179 726 1248 quicum
739 1177 873 1233 Feliciano

87 1272 114 1318 et
140 1264 298 1319 Prmtextato
329 1267 408 1320 etiam
441 1267 690 1323 maximianistarum
715 1269 873 1336 baptismum

87 1355 235 1424 recepistis.
249 1355 381 1424 Quotquot
389 1356 458 1411 cuim
471 1358 667 1427 baptizaverunt
676 1357 781 1426 quando
793 1356 874 1412 blaxi-

89 1444 181 1498 miano
203 1446 441 1510 communicabant,
454 1448 602 1501 cumetiam
624 1446 696 1515 ipsus
707 1445 871 1510 nemiitatim,

87 1530 165 1586 idest
179 1533 341 1587 Feliciauum
352 1543 379 1589 et
393 1536 579 1590 Prmtcrtatuut
599 1534 631 1589 dc
642 1533 759 1588 basilicis
768 1548 870 1600 corum,

87 1621 155 1676 sieut
169 1632 241 1692 gesta
266 1632 405 1688 testantur,
421 1625 544 1679 diuturno
569 1623 692 1679 cunllietu
712 1623 871 1692 judiciorum

85 1712 218 1779 expellere
239 1713 400 1767 conaremini
412 1729 419 1776 ;
431 1724 557 1783 tpttottptot
578 1727 640 1781 erpo
652 1726 684 1765 eo
697 1720 814 1780 tempere
826 1712 870 1767 ba·

84 1802 258 1871 minaverunt,
274 1818 343 1858 outre
363 1819 456 1858 secum
477 1812 504 1858 et
523 1804 659 1858 uobiscum
680 1801 791 1868 habent,
817 1816 870 1855 non

84 1891 169 1945 solum
182 1907 230 1960 per
242 1893 425 1962 aegritudinum
448 1893 572 1962 pericula,
585 1891 631 1946 scd
649 1892 730 1946 etiam
745 1905 792 1961 per
803 1891 872 1947 sole·

84 1980 208 2034 multatas
218 1981 388 2036 Pasa-halosin
400 1989 438 2035 tot
448 1981 565 2036 ecclesiis
575 1980 608 2035 ad
617 1994 678 2034 suas
688 1980 807 2034 cirintes
815 1993 872 2049 pcr-

85 2067 240 2134 tinentibus,
255 2079 281 2123 et
292 2070 318 2123 in
338 2071 401 2141 ipsis
423 2082 474 2124 tam
490 2071 591 2141 magnis
605 2070 754 2124 ciuitatibus
767 2069 830 2123 loris
844 2070 870 2122 iu

87 2157 187 2212 scelere
203 2158 352 2221 schismatis
363 2161 517 2230 baptizatos,
534 2175 646 2230 quorum
661 2161 724 2213 nulli
736 2159 868 2227 batptistua

84 2246 224 2315 repetitum
248 2257 298 2302 est.
322 2251 525 2318 Atque'utinam
550 2249 664 2319 probare
686 2249 809 2317 possetis,
824 2261 871 2302 cos

83 2337 230 2405 quesieris
250 2339 276 2392 in
296 2340 397 2394 sceiere
411 2341 561 2394 schismatis
586 2339 734 2394 Feliciauus
754 2345 781 2392 ct
797 2338 869 2392 era-

85 2435 199 2480 tcxtatus
209 2436 333 2498 tanquam
348 2430 460 2483 inauitct·
472 2429 679 2497 baptizaverant,
691 2427 723 2480 ab
737 2427 776 2480 eis
790 2441 865 2481 rece·

82 2515 221 2586 ptisintus
235 2519 309 2586 quasi
336 2521 436 2573 utiliter
459 2520 547 2573 detine
566 2519 722 2588 baptizatos.
746 2517 773 2572 Si
797 2518 868 2572 enim

81 2619 173 2659 rursus
188 2606 335 2674 baptizandi
348 2616 424 2660 crant
448 2608 500 2671 isti,
518 2621 609 2660 rursus
633 2605 771 2660 ordinandi
792 2615 869 2661 crant

81 2693 130 2748 illi.
142 2694 291 2748 dntiscrant
302 2694 372 2749 enim
390 2697 569 2764 episcopatum
583 2695 737 2750 recedentes
750 2710 765 2748 a
779 2695 866 2761 uobis,

81 2784 103 2838 si
116 2792 189 2839 entra
204 2785 416 2838 communionem
430 2792 545 2838 vestram
569 2783 703 2851 baptizare
719 2798 769 2837 uon
794 2791 868 2851 potc-

80 2873 226 2928 mnndum
240 2874 261 2928 si
276 2873 441 2929 discedentes
451 2873 630 2942 episcopatum
645 2887 697 2926 nou
711 2873 864 2935 amiseram,

80 2962 214 3032 baptizare
227 2954 316 3032 utiquc
329 2971 459 3032 poteraut.
484 2963 513 3017 Si
534 2971 622 3017 autem
636 2963 789 3025 aroiseraut,
805 2978 868 3032 ergo

81 3063 112 3110 ul
126 3055 164 3109 cis
175 3054 245 3124 quod
258 3055 400 3108 amiserant
416 3052 579 3117 redderetur,
590 3053 731 3107 redeuutes
744 3053 862 3106 ordinari

79 3142 220 3199 debebant.
235 3143 286 3199 Sed
297 3144 349 3197 noli
364 3145 479 3199 timere:
496 3145 564 3198 sicut
574 3153 675 3198 eertum
690 3151 801 3198 esteum
817 3158 862 3197 eu-

79 3233 140 3287 dem
154 3233 211 3286 lllos
225 3232 449 3302 episcopaturum
471 3247 523 3302 qtto
545 3233 663 3287 exierant
676 3246 819 3288 remeasse.
831 3233 866 3286 ita
882 3253 887 3263 ·

80 3332 182 3378 certum
192 3332 232 3378 cst
246 3338 339 3378 omues
348 3339 414 3393 quos
425 3325 449 3377 iu
461 3323 610 3378 Mammium
624 3324 766 3378 schismate
776 3324 862 3390 bapti-

81 3424 184 3481 zarunt,
204 3416 262 3470 sine
277 3416 328 3469 ulia
351 3414 477 3483 baptismi
496 3414 654 3483 repetitione
667 3428 757 3468 secum
772 3424 866 3469 restam

82 3488 260 3559 cottrmunioui
273 3503 468 3559 reconciliasse.

115 3593 141 3647 5.
152 3592 252 3660 Quibus
265 3594 344 3663 igitur
357 3592 502 3647 sufficimus
514 3590 636 3661 lacrymis
649 3590 771 3659 plangere
781 3590 863 3659 recipi

79 3683 239 3755 baptismum
250 3685 509 3747 blarimianistarum,
520 3691 547 3737 et
559 3681 690 3736 exsufflari
701 3681 864 3749 Baptismum

78 3774 152 3828 orbis
164 3773 312 3829 terrarum?
325 3773 386 3828 Sive
397 3773 499 3827 auditus
512 3772 568 3826 sire
577 3771 718 3836 inauditos,
730 3771 865 3839 sivejuste

78 3864 135 3919 sire
147 3863 242 3932 injuste
252 3863 397 3917 damnastis
407 3861 579 3920 Felicionem,
590 3860 735 3914 danmastis
749 3860 864 3915 Pruna·

81 3962 164 4008 tatum
177 3969 185 4018 ;
198 3954 240 4008 dic
252 3952 314 4006 uiihi
327 3971 333 4005 :
347 3967 424 4022 quem
435 3952 632 4006 Ceririthiorum
646 3953 798 4019 episcopum
813 3965 862 4003 au-

80 4044 156 4108 dirit,
172 4050 218 4097 aut
231 4042 364 4096 damnauit
387 4042 482 4111 aliquis
507 4040 645 4096 restrum?
667 4055 744 4110 quem
758 4039 863 4093 Galata-

78 4148 148 4197 rum,
166 4146 243 4202 quem
270 4132 455 4200 Ephesiorum,
477 4146 555 4200 quem
575 4131 781 4196 colossensium,
803 4129 863 4183 Phi·

78 4224 247 4293 lippensium‚
271 4222 560 4286 Thessalonicensium‚
580 4230 786 4287 caeterarumque
803 4237 861 4274 oin·

79 4314 151 4368 trium
167 4314 311 4376 ciuitatum,
328 4312 468 4382 dequibus
490 4312 588 4366 dictum
602 4320 642 4366 cst
654 4329 660 4366 ε
674 4311 818 4392 Adorabunt
836 4313 861 4366 ιἰι

78 4413 210 4474 conspectu
221 4405 275 4473 mus
284 4403 498 4473 uniuersoeputrioe
506 4403 634 4473 pontium?
645 4400 792 4470 (Prohxxt,
803 4402 861 4472 ⁶28.)

81 4495 150 4565 Ergo
162 4497 271 4548 istorum
284 4494 428 4562 imptismus
441 4501 603 4562 acceptatur,
616 4502 642 4546 et
656 4492 760 4547 illorum
774 4492 863 4547 casul-

81 4584 174 4648 datur;
191 4586 235 4655 qni
249 4600 298 4640 nec
309 4585 418 4639 istorum
431 4591 472 4639 est
485 4599 533 4639 nec
555 4585 669 4650 illorum,
690 4585 737 4639 sed
750 4585 818 4639 illius
828 4585 862 4641 de

78 4688 133 4744 quo
147 4674 245 4729 dictum
258 4684 299 4729 est
314 4693 321 4727 t
338 4673 387 4727 llic
408 4683 443 4726 est
465 4674 507 4743 qtti
531 4674 638 4742 baptizat
649 4674 658 4742 (
668 4673 744 4728 loon.
760 4691 778 4740 t,
794 4673 859 4746 55).

79 4765 130 4820 Sed
138 4758 194 4820 'nou
205 4765 266 4821 binc
277 4779 326 4834 age
338 4782 345 4828 ;
360 4762 393 4817 ad
408 4764 452 4817 illa
469 4778 528 4832 quae
540 4772 637 4832 praeto
650 4771 720 4825 sunt,
742 4764 859 4828 adverte,

78 4869 108 4908 ca
122 4869 181 4924 qtiae
196 4853 374 4909 oculosetiam
389 4867 473 4908 caecos
483 4850 592 4918 feriunt,
604 4852 706 4907 intuere
721 4871 728 4907 :
744 4853 861 4907 damnati

78 4942 177 4999 habent
189 4945 348 5014 baptismum
360 4961 367 5009 ;
378 4952 406 4998 et
418 4943 527 4998 inauditi
540 4957 592 4996 non
608 4943 722 4997 babenti
736 4942 862 4998 Numina·

78 5035 125 5089 tim
137 5037 164 5091 in
175 5038 278 5092 scelere
288 5036 438 5091 schismatis
452 5037 569 5105 expressi
583 5036 694 5107 etejccti
704 5036 820 5100 babent3
835 5045 861 5090 et

77 5125 172 5196 ignoti,
188 5126 266 5195 longe
280 5112 422 5195 peregrini,
437 5142 570 5196 nunquam
585 5128 709 5191 accusati,
726 5142 858 5197 utinquam

75 5215 185 5284 judicati
198 5231 250 5268 non
261 5215 359 5270 habent
370 5217 376 5270 l
393 5215 443 5283 Qui
452 5216 485 5270 dc
498 5217 605 5285 precisa
617 5226 689 5286 parte
702 5218 796 5271 diricec
808 5234 861 5271 rur·

77 5318 123 5359 sus
136 5306 239 5373 praecisi
255 5314 327 5371 sutit,
341 5306 436 5360 habeut
449 5323 455 5370 ;
469 5316 496 5361 et
512 5307 673 5375 undeipsum
690 5308 859 5378 Eraiigelium

77 5396 104 5450 in
116 5397 231 5451 lllricam
251 5397 323 5453 t'cnit
346 5413 398 5451 nou
412 5399 525 5453 habent!
538 5398 606 5466 Quid
620 5399 736 5468 pluribus
749 5402 850 5455 ulteria?

108 5525 144 5597 (a)
156 5526 361 5589 thamugadensis
372 5529 477 5593 episcopi
497 5543 512 5579 e
528 5519 701 5582 Donatistarum
720 5531 860 5595 schismate,

74 5589 177 5649 mettis
187 5596 313 5638 vastatoris
323 5589 414 5639 antea.

687 260 923 319 entsdolaudtt
942 261 1079 322 classis
1098 266 1128 322 ll.

929 374 962 428 ad
978 376 1026 429 ista
1037 378 1177 447 responde.
1202 381 1314 439 Attende
1328 386 1492 458 sacrilegium
1506 391 1654 449 schismatis
1665 412 1698 452 rs

928 474 984 519 stro
995 470 1108 526 coneilio
1116 471 1314 530 llarimianistis
1321 491 1523 549 exaggeratum
1534 484 1641 540 attende
1651 501 1710 556 pcr-

928 557 1078 612 secutiones
1093 574 1139 627 per
1147 561 1300 630 judiciarias
1311 576 1463 635 potestates,
1476 585 1542 640 quas
1551 573 1590 627 eis
1609 573 1708 646 irroga-

928 643 995 707 stis;
1010 647 1117 703 attende
1127 649 1286 720 baptismum
1302 669 1405 723 eorum,
1420 675 1496 728 quem
1514 676 1574 716 cnut
1592 663 1631 718 eis
1643 681 1710 734 quos

927 730 1074 791 damnastis
1093 742 1250 810 recepistis;
1266 753 1294 799 et
1317 748 1459 816 responde,
1475 751 1498 805 si
1522 762 1606 822 potes,
1619 764 1708 811 utram

928 821 1047 879 babeatis
1060 827 1158 898 aliquid
1172 833 1240 888 uude
1254 835 1375 903 injiciatis
1390 840 1499 896 nebulas
1512 843 1650 916 imperitis,
1660 863 1709 904 cur

927 912 960 965 ab
978 916 1043 971 orbe
1066 928 1194 977 terrarum
1214 924 1292 995 longe
1316 929 1417 997 majore
1436 934 1536 989 scelere
1558 936 1708 994 schismatis

927 1006 1100 1072 separemini,
1114 1024 1191 1077 urrann
1204 1013 1274 1082 quod
1285 1015 1310 1068 iu
1319 1015 1516 1075 blaximiauistis
1527 1037 1573 1081 ros
1583 1023 1708 1082 damnas·

927 1101 957 1143 ae
980 1089 1141 1159 gloriamini.
1180 1100 1233 1156 Par
1254 1102 1352 1159 Christi
1375 1108 1464 1162 rincat
1486 1110 1512 1164 iu
1543 1112 1623 1168 eorde
1650 1125 1706 1170 tuo.

926 1184 1073 1235 nrtrxnr
1083 1185 1102 1238 ¹.

1170 1300 1334 1359 aristoni
1355 1305 1419 1359 ιιι·
1434 1306 1482 1380 (ι).

925 1403 1080 1473 dispostione
1094 1407 1211 1465 Seueriuo
1223 1417 1407 1486 consonpniueo
1417 1434 1462 1471 auo
1472 1418 1613 1488 donatista,
1624 1431 1650 1475 ut
1660 1423 1706 1476 de·

1056 1510 1121 1552 serm
1134 1501 1241 1555 scitiamu
1254 1507 1383 1561 scelestum
1398 1519 1420 1562 et
1441 1511 1580 1579 hupndetta.

925 1606 1037 1662 bontiuo
1050 1611 1160 1666 ntultum
1175 1614 1340 1674 desiderabili
1353 1629 1379 1676 et
1398 1622 1473 1679 ualde
1486 1627 1640 1688 cintrissimo
1654 1637 1707 1691 lra-

1126 1705 1157 1756 tri
1177 1704 1319 1772 Sermusa,
1333 1710 1507 1771 decttsrtaus.

960 1789 984 1841 l.
1015 1790 1129 1847 litteras
1151 1793 1336 1854 Frateruitatis
1350 1811 1400 1854 tua.
1412 1805 1461 1858 etsi
1477 1807 1551 1863 ridde
1573 1825 1642 1876 sero,
1656 1815 1706 1871 etsi

923 1879 1101 1948 praeterquod
1115 1897 1294 1950 sperauerant,
1307 1896 1393 1944 uintcn
1410 1894 1484 1948 lctus
1498 1900 1597 1967 accepi,
1620 1905 1705 1957 trram·

923 1978 1018 2035 meque
1032 1967 1152 2037 ampliori
1164 1972 1261 2042 gaudio
1276 1974 1395 2043 perfusus
1411 1995 1477 2040 sum.
1495 1998 1553 2040 eum
1567 1981 1719 2056 cogtumis·¹

922 2069 978 2108 sem
1002 2055 1135 2112 hominem
1159 2071 1275 2116 restrum
1299 2067 1349 2130 bae
1370 2067 1425 2136 ipsa
1438 2069 1494 2125 sola
1508 2087 1586 2128 caasa
1602 2078 1707 2136 vetuisse

922 2143 1079 2215 Hipponem,
1088 2159 1116 2203 ut
1126 2149 1158 2203 ad
1169 2167 1212 2206 me
1223 2152 1324 2209 litteras
1335 2166 1386 2211 tuae
1397 2157 1580 2217 Fratcruitatis
1589 2165 1704 2222 allerrct.

922 2232 1039 2302 Cogitaui
1060 2237 1131 2292 euim
1152 2254 1204 2293 non
1226 2241 1283 2320 sinc
1302 2259 1381 2300 causa
1405 2248 1586 2307 heccxortuut
1605 2257 1705 2313 esseio
1724 2254 1726 2259 ’

922 2325 1012 2378 auimo
1025 2335 1069 2378 tuo
1095 2335 1123 2382 ut
1143 2330 1276 2385 recoleres
1295 2337 1549 2405 consanguinitatem
1572 2353 1704 2413 ttostram;
1738 2373 1744 2382 ·

923 2414 972 2467 nisi
983 2417 1041 2483 quia
1052 2415 1161 2473 tortasse
1170 2422 1307 2490 perspicis,
1319 2424 1386 2478 sicut
1397 2428 1456 2480 neti
1468 2444 1520 2483 uon
1534 2430 1591 2486 leue
1604 2435 1706 2502 pondus

921 2505 1068 2573 prudentie
1082 2514 1143 2573 tuce,
1157 2524 1234 2578 qttatu
1247 2512 1281 2563 sit
1296 2512 1447 2582 dolendum,
1461 2527 1489 2570 ut
1499 2519 1542 2587 qtti
1557 2522 1704 2579 secundum

921 2606 1027 2647 carnem
1053 2594 1149 2651 iratres
1175 2601 1314 2664 sumus,in
1338 2602 1434 2657 Christi
1460 2620 1570 2675 corpore
1584 2625 1637 2663 nim
1654 2628 1705 2667 ιιιιι

921 2683 1046 2737 societate
1060 2685 1187 2749 uiuamus,
1198 2689 1342 2755 prasertim
1354 2692 1413 2759 apula
1426 2692 1501 2748 latcile
1512 2696 1606 2751 tibicst
1618 2708 1703 2754 attcu·

921 2769 985 2826 dere
998 2781 1026 2826 ct
1039 2772 1129 2829 uidere
1143 2775 1276 2832 ciuitatem
1299 2794 1379 2849 super
1394 2791 1510 2837 mentem
1524 2790 1703 2854 constitutam,

921 2858 1009 2929 dcqua
1017 2862 1184 2918 Dttntinusait
1193 2865 1218 2919 in
1227 2865 1368 2938 Euangeliu
1377 2872 1576 2941 qutidabscondi
1584 2892 1635 2930 riou
1645 2896 1705 2946 pitis·

920 2950 952 3004 sit
962 2950 971 3021 (
983 2950 1075 3004 Martii.
1090 2954 1115 3019 5,
1131 2954 1163 3008 tl
1175 2958 1194 3024 ).
1209 2954 1265 3026 lpsa
1288 2960 1404 3013 estenim
1422 2961 1538 3017 Ecclesia
1554 2966 1681 3021 catholica
1696 2985 1702 3026 :

919 3041 988 3096 nttde
1002 3052 1113 3104 reuolui
1123 3060 1209 3114 grace
1219 3048 1376 3117 appellatur,
1386 3050 1454 3121 quod
1465 3068 1511 3122 per
1521 3063 1602 3109 totum
1612 3057 1702 3112 orbem

919 3135 1215 3189 terrarumdillunditur.
1224 3137 1495 3208 llauchnorareuulli
1505 3143 1580 3209 liect;
1593 3146 1651 3201 idco
1660 3163 1704 3204 se·

918 3223 1033 3276 eundum
1046 3223 1155 3279 uerbum
1167 3226 1272 3282 Domini
1288 3231 1370 3283 nostri
1381 3229 1446 3285 iesu
1467 3233 1576 3302 Christi,
1588 3236 1702 3293 abscon·

917 3313 943 3367 di
955 3329 1006 3367 noir
1020 3322 1115 3383 potest.

952 3403 978 3454 2.
995 3403 1059 3457 Pars
1072 3413 1159 3459 autem
1170 3405 1264 3459 Donati
1280 3408 1305 3459 lu
1315 3408 1378 3463 solis
1390 3393 1459 3463 dhis
1473 3412 1645 3469 calumniatur
1655 3430 1700 3471 or·

916 3490 942 3544 bi
957 3498 1096 3556 terrarum,
1110 3501 1137 3547 et
1146 3507 1198 3547 uon
1213 3495 1404 3551 consideratae
1418 3500 1565 3567 sterilitate,
1581 3519 1631 3571 qua
1644 3505 1700 3559 hu-

916 3591 974 3638 ctus
995 3587 1067 3654 pacis
1090 3594 1116 3641 et
1133 3586 1268 3643 eharitatis
1293 3590 1376 3644 naluit
1392 3590 1494 3658 afferre,
1509 3594 1543 3648 ab
1556 3595 1599 3649 illa
1613 3598 1700 3653 radice

916 3671 1088 3730 Orictttalium
1112 3677 1288 3732 Ecclesiarum
1313 3694 1342 3734 se
1366 3694 1425 3735 esse
1451 3683 1598 3751 pracisam,
1631 3687 1699 3742 uitdc

917 3760 1087 3834 Euangelium
1103 3766 1129 3820 in
1139 3759 1253 3821 atricum
1267 3769 1338 3823 venit
1352 3788 1358 3823 :
1373 3771 1441 3825 unde
1457 3780 1527 3828 terra
1546 3775 1568 3829 si
1583 3776 1697 3834 cisalle-

915 3862 998 3917 ratur,
1010 3855 1138 3923 adoraut;
1152 3856 1238 3912 hdclis
1247 3868 1334 3914 autem
1346 3860 1366 3914 si
1377 3860 1438 3917 iude
1448 3863 1545 3928 veniat,
1559 3867 1700 3923 exsullhtnt

915 3943 995 3997 ctiam
1011 3952 1039 3999 et
1052 3946 1223 4015 rebaptizant.
1238 3947 1293 4002 lloc
1307 3950 1377 4003 enim
1391 3952 1470 4005 ctiam
1483 3953 1606 4021 praedixit
1616 3955 1698 4012 Filius

916 4033 978 4098 lici,
998 4035 1041 4104 tpui
1056 4038 1152 4092 veritas
1166 4046 1217 4099 est,
1233 4053 1263 4092 se
1275 4054 1335 4095 esse
1349 4041 1438 4107 uitem,
1452 4058 1515 4098 sues
1531 4054 1618 4100 autern
1631 4046 1699 4102 lilios

915 4137 976 4177 csse
990 4136 1131 4191 sarmenta,
1147 4135 1173 4180 ct
1189 4127 1292 4181 i‘atrcm
1306 4144 1382 4184 suum
1401 4132 1542 4200 agricolam
1556 4152 1563 4187 :
1578 4135 1699 4190 Sorrnen-

915 4219 978 4276 tum,
995 4213 1087 4282 iniquit,
1103 4217 1169 4284 qnod
1181 4217 1206 4269 in
1228 4234 1265 4269 me
1289 4234 1337 4271 uon
1350 4218 1392 4271 dut
1407 4222 1525 4288 linctum,
1541 4221 1618 4277 Pater
1629 4243 1698 4282 nteua

915 4302 985 4355 tollet
999 4303 1063 4355 illud
1077 4320 1084 4368 ;
1099 4315 1250 4358 sonncntmu
1261 4317 1342 4359 nutem
1356 4309 1422 4376 qrtod
1435 4309 1461 4360 iu
1474 4326 1512 4363 nte
1526 4311 1567 4363 dot
1576 4315 1695 4382 sumtum,

915 4403 1005 4463 prtrpnt
1017 4393 1092 4459 ittae,
1103 4405 1129 4448 at
1143 4397 1261 4465 nutriorem
1276 4401 1384 4467 [ructum
1398 4399 1487 4467 offerat
1498 4401 1594 4473 (Joon.
1611 4421 1656 4469 xv,
1672 4410 1695 4469 l,

913 4483 959 4550 Ξ).
980 4483 1037 4537 Νοιι
1053 4499 1116 4554 ergo
1127 4487 1221 4539 mirum
1233 4497 1283 4550 est,
1297 4489 1319 4541 si
1334 4489 1366 4543 de
1378 4490 1422 4543 illa
1438 4491 1489 4546 rite
1501 4508 1560 4562 qiam
1574 4498 1658 4551 crevit
1670 4510 1697 4554 ct

914 4589 1006 4627 enutries
1022 4583 1106 4630 terras
1121 4576 1248 4645 itnplerit,
1277 4580 1377 4647 praecisi
1392 4591 1453 4635 sunt
1474 4583 1510 4636 iili
1522 4585 1566 4653 qui
1579 4585 1692 4642 hactum

911 4664 1311 4724 ,eharitatisafferrctiuluerunt.

949 4757 974 4810 5.
988 4757 1037 4821 Qut
1048 4757 1070 4810 si
1083 4772 1144 4811 uera
1158 4760 1267 4813 crimina
1280 4761 1437 4829 objecissent
1447 4766 1553 4834 collegis
1563 4768 1627 4832 suis,
1640 4785 1696 4824 ma·
1779 4810 1783 4825 .

911 4844 984 4913 jures
1006 4860 1097 4900 coriam
1116 4849 1222 4917 ‹ptiatide
1237 4851 1350 4906 schisma
1366 4851 1492 4915 lecerunt.
1508 4857 1555 4925 ipsi
1569 4859 1696 4917 obtinuis-

913 4943 971 4989 sent
994 4949 1099 4988 causnm
1126 4951 1199 4990 suam
1222 4939 1291 5005 apud
1318 4940 1461 4995 Ecclesiam
1482 4947 1693 5014 transmarinam,

913 5025 983 5079 unde
994 5026 1025 5079 ad
1042 5027 1104 5078 istas
1116 5036 1202 5094 partes
1214 5029 1363 5085 cliristiauae
1378 5032 1436 5087 lidei
1451 5037 1565 5090 mutarn
1578 5043 1694 5093 auctori-

914 5124 963 5180 tas,
981 5124 1008 5169 ut
1021 5115 1057 5170 illl
1070 5125 1159 5170 esseut
1172 5117 1235 5171 loris
1247 5119 1342 5187 utribus
1360 5121 1451 5176 eadem
1465 5124 1574 5178 crimina
1587 5129 1694 5197 objicie-

911 5290 1107 5401 dezgpjelpgsffilae
1119 5291 1165 5342 line
1177 5297 1330 5356 apposuimus
1341 5309 1371 5345 cx
1383 5303 1435 5346 htss.
1443 5297 1569 5362 erttncitds,
1581 5315 1636 5365 quae
1647 5317 1694 5355 vax

943 5413 1047 5462 ‘collata
1058 5427 1112 5462 cum
1130 5427 1153 5462 o.
1164 5415 1205 5462 bo.
1225 5416 1257 5464 bl.
1271 5416 1295 5464 ll.
1314 5431 1339 5480 g.
1358 5432 1399 5481 gv.
1411 5432 1436 5467 n.
1447 5433 1467 5469 r.
1482 5417 1533 5471 a't.
1549 5424 1693 5474 reddebas

913 5480 930 5525 t.
957 5483 1042 5523 ttatnor
1051 5489 1074 5523 u.
1087 5484 1135 5522 atu.
1148 5452 1199 5523 half.
1212 5483 1249 5524 Er.
1259 5484 1312 5527 lov.

941 5489 979 5596 ἳιι)
989 5537 1049 5584 alias
1059 5535 1116 5584 tto:
1127 5549 1181 5598 quc
1190 5544 1271 5587 autem
1282 5538 1313 5588 52
1327 5547 1388 5601 erat,
1399 5554 1462 5592 nunc
1471 5543 1524 5593 tat.
1533 5545 1624 5608 Scripta
1631 5544 1693 5597 loric

913 5595 975 5645 circa
984 5596 1046 5644 idem
1056 5605 1159 5659 ternpus.
