3906 6390
200 258 203 269 ’
249 300 299 359 ssi
851 288 880 348 s.
899 283 1082 347 incusant
1100 282 1250 349 miserm
1847 302 1897 362 aa,

251 416 297 470 toa
319 413 487 486 metuens,
506 410 596 483 quitos
613 406 841 481 mnrimorqosis
856 406 1042 478 morianulae·
1095 405 1390 485 maturescimus,
1416 413 1444 463 et
1469 416 1598 479 quantum
1619 409 1751 479 mkmm
1777 411 1898 475 doraum

253 503 375 569 Quantis
388 503 454 558 unm
469 500 607 571 Apostolus
619 499 738 568 dunno,
751 517 762 552 t
776 498 807 555 Si
822 497 915 570 linquis
925 495 1044 568 lnqelo·
1095 504 1235 557 &immun
1249 503 1278 550 ot
1290 503 1390 564 nmen,
1413 496 1506 553 meio
1518 499 1665 569 quomode,
1677 500 1763 559 medo
1777 517 1831 575 pro
1840 521 1896 564 me·

251 609 308 647 rom
327 592 439 664 tonso»
453 590 477 662 li
488 589 549 648 cor.
562 607 621 658 stri,
636 590 676 659 i),
691 590 825 663 wettinus
837 588 972 660 prudent
985 587 1044 642 illos
1095 582 1156 640 ritis
1169 586 1280 654 mois,
1289 585 1385 643 desse
1398 603 1450 644 non
1464 598 1577 660 pesum
1589 607 1596 643 ε
1607 591 1656 646 seri
1668 607 1730 648 citro
1743 593 1780 650 ad
1793 610 1845 653 aas
1854 612 1897 655 ra.

249 699 305 740 sato
316 694 425 752 arturo,
437 685 522 752 rei,st
533 685 569 740 ito
580 685 700 750 lomina
713 685 792 755 pontis
802 681 892 738 micro
904 695 1044 737 sunum
1095 674 1182 743 aiunt,
1195 685 1226 732 et
1235 676 1326 733 sitient
1339 693 1398 744 uos,
1412 677 1441 735 iit
1450 678 1521 750 quoti
1530 681 1660 752 scriptum
1675 692 1728 752 est,
1745 683 1896 742 Sassina

252 768 398 836 ostenderit,
412 775 482 823 tanto
494 768 611 823 lemonia
631 767 745 824 rutubus
763 775 787 821 et
800 765 905 837 eloquiis
916 763 1042 830 oleran,
1096 763 1284 821 ntolttturiinens
1296 766 1414 822 tolosa
1431 784 1543 825 meorum
1558 770 1585 825 in
1601 772 1678 828 ontis
1690 789 1758 840 meo,
1775 776 1896 832 raberto·

249 870 344 930 quanto
355 862 413 931 ipro
427 860 581 932 Anqeiorunr
591 871 709 917 amnuo
720 860 831 915 etsmtio
844 857 992 913 mortalibus
1002 856 1042 911 in·
1096 854 1176 910 nones
1193 864 1245 910 tuor
1257 857 1463 928 jucundaverunt
1482 860 1599 916 unimam.
1613 878 1697 917 meum
1714 863 1804 937 (i’sol.
1822 882 1893 937 sctit,

249 952 325 1006 roiis¹
346 960 370 1006 et
384 953 488 1006 unenis
502 951 602 1006 usibus
615 959 717 1022 prornot
727 965 737 1004 .·
747 957 857 1003 mimo
871 947 977 1018 [oraton
993 945 1043 1000 lin·
1096 944 1153 1015 tn).
1168 944 1283 1004 Proinde
1296 947 1329 1002 ad
1344 947 1422 1004 istam
1435 949 1554 1007 latinam
1567 967 1618 1023 qua
1631 952 1771 1011 uobiscum
1785 965 1829 1013 est
1841 958 1894 1014 lra-

250 1056 314 1112 qoor
331 1040 486 1110 Anqelororn
503 1057 550 1108 pro
562 1039 692 1112 qmcrilor
705 1055 793 1095 oocont
810 1047 885 1108 onoc
900 1052 1044 1092 nunonem
1095 1043 1138 1094 ter
1151 1036 1287 1094 Possilius
1297 1038 1345 1112 (a),
1361 1055 1422 1097 cunr
1440 1056 1475 1098 su
1492 1043 1551 1113 ipso
1562 1038 1798 1118 audieritis'qusm
1814 1052 1895 1110 tristis

249 1134 354 1198 licerit,
376 1133 439 1188 sicot
458 1142 481 1188 et
495 1133 526 1189 ris
542 1118 722 1188 clorionntnm
734 1128 987 1185 coriuoteolisserens
1001 1129 1042 1183 in·
1094 1143 1157 1184 oum
1175 1143 1255 1185 causa
1272 1132 1440 1202 compulerit,
1455 1133 1506 1193 boc
1525 1150 1568 1191 tue
1582 1136 1723 1194 uerissime
1741 1138 1836 1199 dicere
1850 1158 1894 1198 ω.

250 1226 369 1280 terrione
380 1226 519 1294 qronrrrum
531 1234 645 1281 arnmot
657 1239 748 1293 qenerr
760 1221 905 1292 linquorunr
913 1219 970 1292 (iri.
980 1219 1041 1288 un),
1095 1221 1228 1306 grasseris
1236 1241 1242 1275 z
1250 1231 1371 1279 ettamen
1378 1225 1401 1280 si
1407 1226 1547 1297 qaisquam
1553 1237 1675 1284 nostrum
1681 1233 1896 1302 propterbocso

251 1316 338 1386 utque
358 1315 406 1370 lroc
426 1316 452 1370 in
475 1315 547 1386 riqno
569 1329 623 1370 esu
643 1311 801 1382 siqniqicons,
820 1309 888 1381 quoti
904 1309 1043 1365 multorom
1096 1310 1150 1364 iarn
1159 1310 1209 1366 iret
1217 1320 1290 1367 trans
1300 1329 1383 1381 mare,
1391 1322 1514 1371 uttostra
1524 1319 1665 1386 praesentia
1673 1319 1825 1390 frueretur,
1833 1326 1894 1394 quiri

249 1408 365 1478 qentiurn
383 1423 497 1463 suntote
516 1405 584 1476 nqot
595 1404 703 1476 sinqolis
721 1402 867 1457 nonaum.
883 1401 937 1456 Sul
955 1409 978 1456 et
995 1415 1044 1454 uox
1096 1397 1146 1465 itae
1154 1414 1232 1455 causa
1240 1401 1347 1471 justius,
1359 1403 1422 1473 quid
1437 1412 1532 1475 posset
1540 1404 1646 1477 dignius
1657 1408 1793 1466 inueniri?
1807 1411 1893 1469 Sotiil

250 1498 301 1553 liei
315 1513 382 1567 rope
397 1497 431 1553 orl
442 1505 542 1553 aarum
559 1496 650 1550 emisso
663 1493 696 1548 le
713 1491 788 1559 nube,
801 1490 909 1547 ostendit
921 1505 994 1563 poste
1005 1489 1044 1545 lo·
1095 1491 1202 1548 rincuia
1216 1504 1307 1549 nostra
1323 1511 1376 1549 raon
1386 1495 1499 1564 ierrcnt,
1513 1497 1609 1568 quibus
1624 1498 1730 1572 oetiqao
1745 1515 1842 1558 monus
1855 1505 1893 1560 in·

249 1593 352 1664 qnelanr
362 1608 415 1647 este
424 1593 478 1646 sine
485 1591 584 1660 linquo.
597 1587 728 1658 Siqrrilent
740 1588 827 1657 linquo
836 1588 951 1657 corporis
962 1602 1042 1641 utem·
1096 1582 1233 1637 iirrnorum
1247 1583 1347 1640 seruire
1362 1585 1542 1656 languoribus,
1559 1602 1610 1644 nco
1619 1603 1666 1645 eos
1678 1593 1826 1662 praesentia
1835 1609 1894 1649 eor-

249 1684 325 1738 lrunt
343 1684 377 1739 rit
394 1681 524 1754 poullain,
543 1690 569 1736 et
582 1694 711 1751 rnoqnnnt.
731 1677 786 1734 Seri
800 1678 864 1748 torte
879 1693 912 1731 co
924 1677 970 1731 lroc
986 1678 1043 1746 ipso
1094 1673 1180 1743 poraii
1192 1674 1353 1745 relinquere,
1367 1677 1419 1731 nisi
1433 1692 1494 1733 oum
1505 1677 1556 1732 boc
1569 1688 1668 1750 eogttnt
1680 1687 1758 1736 mutto
1770 1682 1896 1753 imperio·

250 1773 313 1847 quio
331 1774 358 1826 in
369 1772 417 1827 ltoc
435 1771 546 1826 mensim
565 1770 631 1825 uocis
644 1768 752 1839 officiunt
765 1767 835 1822 Deua
855 1768 948 1837 posuit,
968 1767 1044 1821 etiarn
1093 1764 1162 1831 sius,
1175 1775 1275 1836 quanto
1287 1767 1460 1837 periculosius
1474 1770 1637 1839 egrotantis.
1655 1772 1751 1829 Utrum
1764 1790 1892 1832 exercea-

207 1904 212 1911 .
247 1865 408 1934 incorporee
420 1860 574 1934 Anqelorutn
585 1860 722 1916 errotnrc¹
736 1867 895 1915 manumet
907 1874 978 1915 uoces
991 1859 1043 1914 lin·
1094 1853 1219 1922 morbis,
1238 1871 1272 1912 an
1289 1858 1377 1928 potios
1390 1858 1545 1929 pincianum,
1565 1862 1665 1929 neseio,
1689 1864 1741 1920 nisi
1755 1866 1829 1937 quod
1844 1883 1894 1922 noo

251 1970 329 2026 quom
341 1954 473 2020 mcooern,
484 1954 549 2009 sicut
562 1951 768 2024 Scriptoromlet
782 1949 1045 2021 iieoquoqoesecon·
1095 1944 1241 1999 meandum
1264 1956 1371 2016 peccata
1395 1959 1487 2004 nostra
1504 1949 1566 2006 iacit
1586 1952 1673 2020 nobis,
1688 1969 1779 2026 neque
1800 1972 1895 2014 secun-

251 2045 314 2098 rlnnt
333 2044 429 2115 specics
448 2044 632 2114 operationum,
651 2042 754 2096 nentina
771 2040 901 2111 osslqnme
921 2039 1044 2094 mentro-
1094 2034 1159 2090 tlurn
1171 2035 1323 2107 iniquitates
1333 2048 1438 2096 tinstras
1452 2041 1576 2098 retribuit
1589 2043 1666 2100 nobis
1679 2044 1765 2119 (Psoi.
1780 2048 1892 2122 eudo).

250 2150 318 2189 mn,
333 2134 388 2189 om
402 2150 448 2204 m
462 2133 543 2199 mita,
556 2134 717 2189 flamm,
1096 2126 1140 2196 qni
1161 2136 1232 2182 tanta
1255 2128 1349 2184 solatia
1369 2130 1505 2187 ditioribus
1527 2134 1630 2199 miscet,
1653 2137 1762 2206 agitque
1778 2138 1893 2194 mirabili

286 2228 315 2282 8.
336 2225 524 2281 Fraternorter
537 2225 700 2280 clrorlssintut
712 2232 737 2279 et
750 2223 911 2279 incutimus
924 2221 1043 2288 Qnirnos,
1095 2217 1237 2288 medicina,
1267 2237 1301 2276 ne
1322 2237 1443 2278 autentus
1466 2224 1611 2292 mundum,
1636 2242 1670 2283 ne
1691 2226 1851 2286 deficiamus
1868 2231 1893 2287 in

252 2336 328 2389 quom
342 2318 415 2374 torale
429 2318 464 2373 orl
476 2335 522 2373 not
537 2327 630 2373 renteot
646 2316 754 2384 ooobis,
768 2325 819 2370 tont
837 2316 888 2371 cito
900 2331 916 2367 o
928 2313 999 2369 nobis
1010 2314 1044 2367 orl
1097 2309 1205 2364 oruntio.

251 2425 295 2465 oos
306 2409 390 2463 redire
403 2410 505 2479 festinat
518 2424 528 2462 .·
542 2410 687 2464 innantium
703 2408 829 2478 nemrim
846 2406 874 2460 in
886 2406 975 2461 litteris
991 2404 1045 2460 esi·
1132 2398 1160 2454 Ξ.
1179 2401 1297 2470 possin
1310 2403 1358 2459 abs
1372 2411 1398 2461 te
1412 2405 1545 2475 prioribus
1556 2406 1663 2475 litteris,
1680 2411 1834 2480 qualisnam
1849 2414 1894 2469 tibi

252 2499 343 2570 qenrllt
354 2507 378 2552 et
397 2498 451 2552 boec
462 2498 568 2568 motolo
583 2499 666 2552 lituris
678 2514 753 2568 quoin
764 2498 873 2551 uersibus
883 2496 993 2551 crebnor
1006 2495 1045 2548 lo·
1097 2489 1218 2546 rideatur
1227 2492 1314 2548 lutura
1324 2505 1423 2550 osterna
1438 2497 1490 2551 rita
1504 2507 1674 2567 stricturum
1686 2502 1736 2557 sed
1748 2503 1820 2561 bene
1831 2506 1893 2562 ntiiri

251 2588 354 2658 quitor,
375 2587 564 2641 eomnremoroti
584 2588 710 2641 eooetoris
734 2587 837 2639 ninnium
862 2584 1045 2656 [minationem
1098 2583 1267 2652 respondisti,
1282 2586 1362 2641 etiam
1375 2587 1408 2642 de
1423 2591 1561 2658 proesentis
1574 2592 1635 2647 vitae
1649 2602 1720 2648 statu
1733 2594 1823 2652 adbuc
1836 2611 1894 2653 esse

252 2677 346 2733 srlredo
358 2677 425 2745 lecit.
441 2675 512 2730 Nom
523 2677 604 2748 andiu
617 2677 675 2730 idus
691 2677 772 2731 maior
784 2677 849 2730 uenit
863 2674 897 2728 orl
907 2690 956 2729 nos
966 2684 993 2728 nt
1005 2690 1046 2727 rc·
1098 2673 1187 2743 utique
1196 2675 1389 2732 consulendum
1404 2695 1410 2732 :
1423 2678 1472 2733 nisi
1487 2680 1557 2750 qnod
1569 2695 1612 2738 me
1623 2684 1764 2742 consulere
1775 2686 1892 2766 noluisti,

253 2770 352 2837 uripto
366 2776 469 2837 peteret,
489 2777 512 2822 et
527 2765 610 2821 iliius
631 2776 689 2820 onte
705 2775 800 2820 sertem
819 2765 912 2819 dirotini
928 2763 1044 2819 obtinuit.
1098 2763 1168 2833 quoti
1181 2772 1227 2818 ant
1245 2780 1349 2820 mecum
1369 2766 1467 2835 nescis,
1487 2778 1533 2825 aut
1547 2785 1651 2826 meeum
1665 2773 1730 2841 seis,
1746 2783 1793 2830 aut
1811 2776 1894 2847 maqis

260 2861 348 2917 i'iriete
365 2877 428 2932 erqo
442 2870 527 2914 otrurn
540 2876 597 2913 curn
609 2858 844 2923 comittenrlouerim,
862 2856 901 2911 uel
914 2871 1046 2910 occorrono-
1098 2864 1177 2922 quam
1197 2869 1248 2925 cqc
1259 2854 1368 2912 lorsitan
1388 2857 1458 2924 scis;
1474 2859 1572 2930 quippe
1592 2862 1636 2931 qui
1658 2862 1740 2918 etiarn
1755 2864 1894 2922 serisime

253 2954 303 3008 rirn
321 2952 469 3023 lrujnsmorli
488 2951 637 3005 testimonio.
661 2949 737 3003 Forte
748 2949 824 3013 eninr,
839 2950 889 3002 imo
903 2949 958 3002 nne
971 2947 1045 3002 dubio
1098 2941 1196 2998 dixeris
1210 2945 1388 3016 santonicam
1399 2959 1513 3005 mortem
1524 2950 1597 3020 prius
1606 2953 1804 3022 emoriendum,
1814 2971 1892 3026 quant

254 3042 392 3097 lrolobiils
406 3046 488 3113 nunqu
499 3056 576 3111 moin
584 3038 718 3110 culpabilis
721 3038 889 3107 justicabitur,
899 3037 1047 3107 quictem·
1098 3035 1232 3091 corniolen
1253 3038 1442 3096 rescintinnem
1464 3041 1614 3099 uoluntario
1632 3045 1828 3114 proveniamus
1847 3063 1893 3103 eo·

254 3134 316 3202 brie,
330 3132 399 3204 qnod
412 3133 440 3186 in
450 3131 638 3200 comparatione
651 3131 725 3184 nestri
736 3129 838 3185 lotitinis
850 3126 1047 3197 romor,1'ustia·
1097 3140 1185 3194 cesso,
1202 3142 1254 3183 nen
1275 3128 1359 3197 obitu,
1377 3130 1424 3187 seri
1446 3132 1577 3220 sententia
1596 3133 1753 3191 recedentes
1769 3136 1805 3192 ab
1817 3136 1894 3210 irujru

254 3225 317 3283 nnus
328 3220 482 3295 refestinavit
494 3220 529 3274 oti
541 3221 621 3275 lucent
632 3234 716 3274 soom.
733 3238 743 3272 s
835 3252 837 3259 ·
1098 3217 1188 3271 saculi
1200 3216 1263 3272 nita.
1281 3217 1399 3289 Simplex
1416 3220 1473 3278 baec
1493 3222 1573 3286 acuo,
1594 3230 1622 3278 et
1634 3223 1709 3279 nullo
1720 3224 1895 3284 dubitationis

473 3331 641 3389 ppqsqoqp
660 3331 751 3388 xop-
765 3331 812 3404 (α),
1097 3316 1163 3363 osto
1177 3306 1295 3372 iiuctuat,
1308 3309 1379 3379 qnod
1397 3312 1431 3366 ita
1447 3326 1495 3367 nos
1514 3312 1603 3369 rivere
1615 3318 1740 3384 oportere
1753 3332 1896 3374 cerisemns

1098 3396 1124 3452 in
1140 3397 1190 3454 hac
1204 3399 1256 3455 vita
1271 3401 1390 3467 mortali,
1409 3409 1437 3456 ut
1450 3402 1511 3457 vitat
1530 3403 1675 3461 immortali
1695 3409 1895 3477 quodammodo

254 3447 409 3521 triportinus
427 3425 677 3517 superiori'epistolor
695 3440 848 3513 respondent
865 3435 917 3516 opit
934 3445 966 3497 rie
977 3460 1044 3515 prte-

288 3540 365 3594 rrntis
378 3537 435 3611 uitro
449 3547 526 3603 stetu,
542 3552 636 3590 necnon
649 3533 681 3587 tle
698 3534 818 3604 quolitotc
833 3532 945 3605 corporis
959 3534 1045 3589 bento-

288 3645 356 3695 runt,
374 3627 452 3698 deqrte
469 3627 637 3681 ntembrornnt
655 3624 741 3696 officiis
755 3635 812 3696 post
828 3629 1043 3681 resurrectionem.

254 3726 373 3785 Dominis
386 3725 550 3781 clarissimis
569 3712 595 3780 εἰ
611 3722 808 3792 sincerissimis,
823 3710 921 3782 sanetis
933 3733 960 3782 et
973 3724 1043 3781 desi·

289 3800 452 3871 tier'abiiibus
475 3798 506 3870 ct'
526 3802 886 3892 uenerabilibusiratribus,
912 3816 962 3870 sub
990 3832 1045 3870 nro·

289 3906 372 3976 qistro
392 3904 504 3959 lierniun
523 3902 586 3959 lesu
604 3902 859 3981 cor‘ruiiscipttiisib),
881 3906 998 3965 Pnuotno
1019 3919 1047 3965 et

290 4000 442 4063 Tnunasre,
457 3984 633 4061 bucusrtous,
648 3996 678 4052 iu
690 3994 803 4081 Domino
816 3998 938 4083 salntem.

291 4115 317 4172 i.
337 4112 405 4171 Cum
427 4126 476 4169 vos
496 4109 592 4167 iratres
614 4109 698 4165 nestri
720 4108 933 4181 continentissimi
957 4113 1044 4181 nobis,

253 4221 322 4277 quies
334 4204 472 4261 nobiscnm
484 4200 625 4259 desiderati
636 4199 800 4266 desiderare,
813 4210 840 4257 ct
853 4201 958 4259 salutati
972 4219 1047 4261 resa-

256 4298 342 4352 lutare
355 4294 513 4358 consuestis,
534 4290 641 4353 amicius
654 4289 755 4357 violent,
774 4304 828 4359 opn
842 4299 895 4349 tam
915 4304 1048 4365 augemur

256 4390 325 4444 brian
338 4396 439 4454 nostra,
453 4400 533 4455 qinon
544 4383 716 4441 cotrsolarttur
727 4383 808 4441 mato.
823 4383 889 4441 Nam
905 4385 976 4457 ipsas
985 4401 1049 4441 cau-

287 4536 522 4672 iiiitz'iii'itt
539 4595 587 4647 noc
602 4594 747 4651 mua-n
757 4609 804 4660 aar
812 4606 848 4651 ea
858 4599 922 4653 nco
931 4597 1047 4673 apaan,

258 4672 323 4715 nens
339 4667 412 4728 posui
423 4659 502 4713 uum
518 4660 545 4711 in
561 4671 661 4731 corvom
677 4658 821 4727 Anqelortun
846 4674 940 4714 oreore.
958 4668 1049 4723 purim

257 4727 333 4786 iocis,
346 4732 371 4774 et
382 4725 406 4773 in
418 4720 540 4773 nummiis
556 4719 610 4771 altis
619 4721 734 4772 rbimoc.
747 4721 801 4773 ouri.
813 4722 892 4773 secuti
902 4736 994 4774 murus.

287 4806 339 4858 'noi
351 4806 487 4857 taticauum
499 4800 658 4869 exemplaret
668 4804 698 4855 od
708 4810 763 4857 tor.
775 4806 908 4871 recognita.

294 4891 331 4955 (o)
348 4888 410 4939 nitas
423 4888 470 4940 23⁰
482 4901 488 4938 :
501 4886 556 4952 qne
574 4886 657 4938 nutem
670 4888 704 4939 itit
719 4893 788 4948 erat,
804 4900 874 4942 nunc·
884 4890 938 4943 177.
957 4895 1048 4959 scipta

256 4954 348 5013 hiare,
360 4965 400 5003 arr.
413 4950 581 5003 asormtoiitii
591 4958 635 5022 aut
644 4951 817 5011 mannetis.
942 4985 945 4990 -

282 5014 324 5100 o
358 5015 373 5087 .·
399 5010 887 5126 *arcamarcaa
934 5014 1048 5130 aar:

257 5081 322 5127 istus
358 5080 378 5125 tt
391 5083 424 5124 nu
482 5082 549 5134 tuus,
609 5078 673 5124 πων

256 5137 516 5262 stimat..
549 5135 1050 5258 &intentationis

1097 3499 1261 3562 coaptemur.
1275 3489 1373 3546 Verum
1386 3492 1606 3563 castrisquaestio,
1621 3511 1680 3566 quae
1691 3508 1803 3569 aqetnes
1818 3517 1891 3572 quu-

1098 3592 1240 3652 realesque
1250 3583 1391 3638 rorrturbat
1401 3583 1534 3653 immines,
1545 3586 1631 3656 quaiis
1641 3601 1691 3658 eqo
1701 3603 1772 3659 suin,
1785 3591 1829 3646 iiia
1841 3603 1892 3659 est,

1098 3687 1213 3742 tqttnnarn
1223 3673 1303 3728 titudo
1318 3672 1457 3729 uiuentium
1471 3676 1517 3743 sit,
1528 3677 1570 3732 nei
1582 3677 1651 3734 inter
1662 3694 1719 3745 eos,
1730 3681 1771 3737 rei
1786 3694 1895 3754 propter

1098 3776 1144 3817 cos
1158 3761 1203 3832 qui
1218 3762 1333 3816 nondtrm
1347 3763 1435 3819 nitere
1446 3765 1584 3822 moriendo
1597 3780 1739 3835 noverunt,
1756 3787 1809 3828 non
1820 3789 1895 3830 reso-

1098 3850 1199 3907 lutione
1211 3852 1341 3922 corporis,
1352 3852 1399 3908 seri
1410 3854 1523 3925 quodam
1536 3872 1566 3912 se
1577 3871 1592 3912 a
1605 3861 1789 3931 corporalibus
1804 3863 1895 3920 iiiece-
1910 3914 1911 3917 ,

1098 3941 1154 3997 bris
1165 3952 1315 4000 avertentes
1325 3947 1422 4002 metitis
1437 3947 1543 4004 affecto.
1556 3949 1717 4023 Plerumque
1730 3955 1803 4009 enim
1818 3956 1894 4013 siric·

1100 4034 1230 4091 turnobis
1243 4037 1312 4106 quon
1331 4038 1382 4093 nisi
1401 4038 1441 4096 eis
1458 4039 1649 4109 aliquantulum
1668 4059 1848 4116 cottqruamus
1860 4048 1894 4103 mi

1099 4141 1131 4181 ea
1143 4126 1200 4198 ipsu
1213 4128 1283 4184 unna
1296 4129 1354 4186 ilios
1371 4130 1474 4185 extrahi
1487 4133 1619 4202 cupimus,
1639 4134 1704 4190 niirii
1718 4151 1780 4192 curn
1795 4140 1835 4195 eis
1849 4154 1893 4196 sa·

1101 4215 1211 4273 lubriter
1228 4232 1308 4289 agere
1320 4221 1475 4288 poterimus.
1488 4222 1564 4290 Quot
1580 4239 1641 4279 cunr
1661 4224 1784 4294 lacimns,
1800 4230 1893 4285 talium

1099 4308 1240 4367 delectatio
1252 4309 1371 4381 subrepit
1384 4320 1411 4368 et
1424 4311 1509 4381 trabis,
1522 4324 1551 4370 ut
1562 4329 1634 4386 stepo
1646 4318 1726 4374 etiarm
1739 4319 1812 4390 ioqui
1826 4336 1895 4378 rona

1099 4398 1224 4467 delectet,
1248 4415 1393 4473 auremque
1416 4403 1533 4473 prebere
1556 4405 1735 4477 loquentibus,
1756 4425 1807 4466 nec
1824 4413 1894 4467 arri-

1099 4489 1164 4546 dere
1174 4498 1285 4559 tantum,
1300 4493 1347 4548 sed
1361 4492 1440 4549 etiarn
1457 4494 1510 4550 riso
1522 4494 1593 4551 vinci
1605 4511 1637 4553 ac
1651 4498 1737 4554 snivi:
1753 4499 1789 4555 ita
1801 4503 1894 4572 pulsa·

1100 4583 1154 4640 reis
1163 4585 1331 4655 quibusdam,
1340 4587 1381 4642 nei
1392 4587 1470 4642 etiam
1483 4587 1562 4644 iuteis
1570 4588 1709 4647 affectibus
1719 4602 1826 4649 nostras
1835 4595 1895 4650 aoi-

1101 4687 1158 4730 mas
1180 4682 1365 4746 aggravantes,
1383 4676 1542 4735 laboriosius
1559 4689 1588 4734 et
1606 4679 1706 4751 pigrius
1722 4682 1842 4740 ieramus
1861 4685 1897 4741 aci

1101 4764 1196 4834 Deum,
1208 4774 1236 4822 ut
1247 4766 1364 4824 vivamus
1373 4769 1554 4840 conquirant
1562 4771 1654 4838 vitam,
1666 4773 1806 4833 moriendo
1814 4790 1895 4833 evatr-

1100 4856 1210 4926 qriieom
1227 4866 1350 4917 mortem.
1365 4858 1442 4926 Quod
1457 4858 1480 4914 si
1493 4859 1635 4931 aliquando
1648 4865 1819 4933 successerit,
1835 4876 1892 4923 sta-

1103 4946 1321 5018 timsobiicietnr,
1330 4946 1414 5018 Euge,
1425 4949 1575 5031 Euqeqnon
1582 4949 1617 5006 ab
1625 4951 1779 5010 bominibus
1789 4971 1797 5018 3
1808 4969 1901 5028 oeque-

1100 5039 1171 5110 eoim
1190 5040 1329 5112 ‹iuisuqoam
1342 5039 1479 5097 botninnm
1496 5043 1578 5099 sentit
1597 5044 1624 5099 io
1637 5045 1691 5101 aiio
1704 5047 1785 5104 taiem
1798 5060 1897 5106 menits

1101 5130 1281 5204 agnitionem
1308 5130 1356 5190 seri
1381 5132 1409 5189 in
1428 5134 1543 5207 quodam
1570 5134 1642 5193 intus
1662 5139 1784 5208 silentio,
1804 5144 1897 5199 nescio

257 5258 365 5321 alioquin
379 5252 487 5329 manner
501 5257 587 5315 titulos
603 5256 703 5307 debitus
716 5264 792 5321 amus
805 5258 852 5319 ipsi
872 5261 905 5310 ab
918 5263 1050 5324 aurosum
1116 5261 1169 5336 nio)
1180 5261 1300 5315 mutos
1308 5261 1453 5340 &mensis
1464 5268 1806 5344 episeopusanurusmusam
1817 5273 1900 5329 teria

256 5320 430 5371 admittendus
440 5323 527 5371 sumat.
537 5326 609 5370 nouo
618 5319 1012 5394 monacnum-lausonnffiouslqni
1024 5324 1049 5375 in
1101 5336 1145 5375 stae
1156 5337 1217 5399 sure,
1228 5338 1284 5389 quae
1296 5325 1479 5403 expriatronom,
1490 5331 1612 5391 mcendta,
1622 5333 1704 5384 cedes
1714 5347 1832 5399 perpessa
1844 5345 1898 5395 em

258 5380 360 5445 mutuis
370 5383 543 5443 nuncupatoria
553 5379 569 5430 Ξ
578 5378 634 5431 iibri
644 5386 677 5429 ue
688 5378 897 5431 musitationibus
908 5385 1050 5457 tuoruum·
1101 5396 1117 5435 a
1128 5398 1227 5459 paganis
1236 5386 1427 5450 reomensibus,
1438 5397 1473 5441 uti
1485 5392 1574 5442 nocent
1584 5395 1692 5465 epistoiae
1701 5395 1731 5446 nt
1745 5404 1772 5449 et
1782 5398 1846 5460 tute
1853 5413 1897 5451 na.-

257 5450 322 5500 rnm,
338 5454 413 5507 quern
427 5443 524 5511 circiter
538 5441 808 5515 idntempusscrisisse
820 5440 1050 5514 uiuetunuonepr·
1103 5448 1277 5521 riqarnadton
1374 5452 1897 5566 em,exeariem9ffutpq‚'subflpequ.

259 5501 1051 5640 lliluliffiibtillrlliauiiffiiiisiiii
1102 5506 1292 5645 sinum,
1328 5509 1897 5655 “¹⁰⁰²itii¹itti..ttniiitttlit..r

259 5621 771 5749 atti⁰².ttn.t.n‘t¹‘²²²”⁰¹20
785 5625 1050 5695 ¹⁰e¹¹¹⁶⁰¹⁶²r⁰³¹
1104 5630 1904 5762 omnianettrtt¹nrnrr¹ruraae

259 5697 276 5746 q
358 5698 388 5734 ⁰⁰
463 5722 468 5734 ¹
558 5721 563 5736 ¹
1311 5709 1315 5717 Ι
1382 5730 1390 5757 p
1526 5714 1551 5749 's
1579 5734 1616 5750 ι.

1138 5754 1143 5781 i
