3906 6390
230 247 282 304 183

230 361 289 415 titus
302 370 348 425 est,
364 369 387 414 et
399 361 434 414 ad
445 362 521 431 fidem
539 377 593 416 rere
605 361 722 416 irrentitns
739 370 784 426 est,
799 361 820 415 si
834 362 890 416 licet
901 361 1016 416 cleristio-

230 466 290 505 num
302 451 360 504 inde
372 452 531 518 naumurum,
543 460 585 505 ant
597 452 711 519 residere,
725 463 749 506 et
763 452 795 506 de
809 453 886 522 pretio
898 453 934 505 uti
945 468 976 506 ex
987 468 1016 506 eo

228 541 296 610 quod
309 541 402 594 audiuit
410 541 498 596 l-Si
506 543 657 597 christianus
671 544 762 613 aliquis
773 543 914 611 ambulans,
926 559 1015 613 possus

229 632 408 697 necessitatem,
423 633 501 686 victus
513 634 579 701 lurrrc
593 636 666 689 unius
678 636 739 702 dici,
752 636 790 690 uel
801 635 885 703 bidui,
896 640 934 692 rel
947 639 1013 692 rrrul·

229 728 310 774 torum
325 718 432 786 dierum,
447 731 473 773 nt
482 722 538 791 jorn
552 723 643 776 durare
655 739 704 777 non
716 724 804 795 possit,
818 725 853 777 ita
867 726 1012 792 occurrerit,

226 817 254 863 ut
266 809 292 863 in
307 810 362 880 ipra
378 812 522 866 necessitate
535 813 620 883 santis,
633 813 659 867 in
671 830 722 883 qna
739 815 786 868 sibi
796 815 862 870 uidet
873 816 930 886 jorn
943 832 1012 870 mor·

227 908 276 953 tem
295 901 448 967 proeiumrc,
462 903 580 957 itroeuerit
597 905 678 958 cibum
695 906 721 959 in
742 905 820 960 idolio
833 907 958 977 positum,
971 908 1014 961 nbi

225 990 311 1046 nullus
323 995 356 1046 sit
370 992 509 1058 bominum,
522 1004 546 1048 ct
559 1012 608 1049 non
619 997 695 1064 possit
709 997 818 1052 inuenire
828 999 907 1053 alium
916 999 1010 1062 cibant,

226 1078 297 1133 debet
310 1081 375 1135 niori
390 1090 433 1134 ont
445 1082 535 1136 eninde
547 1084 680 1138 cibaril-
689 1085 719 1139 Si
732 1085 881 1140 christianus
896 1087 976 1141 uideat
985 1104 1012 1142 se

225 1168 361 1223 abaciaco
383 1171 422 1225 oet
445 1170 561 1226 llonnmo
584 1173 646 1226 uelle
667 1175 792 1243 interfici,
813 1176 882 1231 debet
900 1194 941 1231 eos
957 1178 1013 1243 ipse

223 1259 375 1313 christianus
387 1260 535 1329 interficere,
548 1279 579 1316 ne
587 1262 618 1316 ab
629 1263 680 1318 illis
692 1265 855 1333 interficiatur
869 1266 925 1321 :ael
937 1267 959 1321 si
979 1268 1011 1321 li·

224 1358 262 1403 eet
275 1349 328 1405 sine
339 1350 511 1422 interlectione
524 1369 565 1407 eos
583 1353 704 1423 repellere
718 1356 755 1408 rel
771 1355 934 1427 imprimere,
952 1358 1010 1427 prtia

204 1439 384 1495 odiotnmest:
401 1459 411 1491 l
428 1440 488 1495 Non
498 1443 610 1497 resistere
624 1445 732 1501 rrrnlolr
749 1446 853 1516 (lluttlr.
863 1464 888 1515 v,
901 1449 958 1519 ab.)
975 1479 1010 1490 -

226 1529 257 1583 st
274 1546 371 1583 rerurnm
387 1533 536 1600 possessioni
550 1533 620 1587 debet
638 1534 788 1590 eluistionus
807 1540 888 1607 [acere
909 1550 1011 1611 propter

226 1617 340 1683 bostem,
358 1628 381 1673 et
393 1621 416 1674 si
427 1621 470 1674 ille
483 1622 633 1677 eluistinnus
645 1626 686 1694 qui
701 1627 787 1697 fecerit
803 1644 918 1693 murum,
935 1645 1011 1683 conso

225 1724 277 1762 non
287 1709 368 1763 existit
381 1710 518 1776 lromicidii,
529 1729 586 1766 cunr
598 1715 656 1768 iude
670 1716 747 1784 aliqui
761 1719 878 1787 coeperint
888 1736 1009 1791 pnpnure,

225 1806 249 1850 et
270 1798 409 1867 interficere
427 1800 607 1858 bostcsl—Si
623 1804 679 1858 licet
692 1806 722 1859 de
736 1805 804 1876 fonte
820 1807 915 1874 bibere,
929 1809 967 1862 rel
980 1810 1011 1865 de

224 1896 298 1955 puteo
308 1887 351 1941 ubi
366 1888 397 1941 de
409 1891 532 1959 merificio
547 1893 643 1962 aliquid
657 1895 759 1949 missum
774 1899 829 1953 est?
843 1898 875 1952 Si
890 1898 922 1952 de
936 1910 1010 1969 puteo

224 1975 303 2044 quiin
316 1976 409 2040 tenrplo
422 1987 468 2046 est,
482 1989 505 2034 et
518 1981 640 2036 desertum
652 1987 746 2054 facturn
763 1995 798 2039 est
814 1987 884 2041 debet
896 1988 1011 2043 christin-

223 2081 270 2119 nus
279 2065 380 2122 libere?
391 2066 420 2124 Si
434 2069 460 2122 in
474 2071 565 2140 templo
580 2088 629 2140 qno
649 2073 739 2127 colitur
751 2075 862 2141 idolmu,
875 2086 964 2145 puteus
977 2078 1011 2132 ibi

223 2154 255 2208 sit
272 2155 310 2209 nel
325 2155 392 2225 lons,
406 2166 429 2210 ει
448 2157 512 2213 nibil
531 2159 564 2213 ibi
575 2160 670 2229 luctum
690 2162 722 2215 sit
738 2163 764 2215 iu
783 2163 869 2218 eodem
886 2176 959 2235 puteo
973 2167 1011 2221 rel

223 2236 301 2315 fonte,
315 2247 337 2299 si
349 2245 419 2300 debet
432 2247 533 2301 lranrire
546 2230 637 2320 dquam
648 2251 706 2304 iude
719 2252 888 2322 eluistimrus,
906 2265 929 2309 ει
944 2256 1010 2313 bite-

224 2336 506 2391 rol-Siclrristiauns
517 2338 586 2393 debet
599 2340 624 2394 in
637 2341 732 2395 balneis
746 2343 839 2409 lavore,
855 2346 893 2399 uel
906 2350 932 2399 in
943 2347 1012 2401 tlrer·

224 2425 292 2491 uris,
308 2426 335 2477 in
353 2427 442 2495 quibus
460 2428 618 2496 sacrificatur
631 2431 791 2485 simulacris?
809 2433 840 2487 Si
859 2434 1010 2490 christianus

223 2510 293 2565 debet
306 2512 331 2565 in
341 2512 542 2583 inluminamini
556 2517 582 2570 in
594 2517 635 2572 die
645 2520 707 2589 [esto
718 2535 762 2573 suo
776 2519 875 2593 Pupieni
883 2523 928 2576 loti
939 2533 1009 2592 sunt,

197 2667 200 2673 ³
223 2601 316 2666 latrare,
333 2602 384 2655 sire
396 2618 452 2655 cnm
467 2605 537 2674 ipsis,
552 2607 604 2660 sire
616 2608 670 2660 sine
682 2608 805 2678 ipsisl—
815 2611 845 2663 Si
858 2613 884 2666 in
897 2614 959 2667 solio
971 2614 1008 2686 (a)

223 2688 266 2744 ubi
278 2689 456 2746 descenderunt
470 2691 568 2764 Pupuni
582 2696 613 2748 ab
623 2697 698 2750 idolis
712 2700 835 2754 uerrieutes
854 2702 879 2754 iu
894 2702 935 2756 die
947 2707 1009 2773 [esto

175 2846 181 2857 δ
222 2796 286 2845 rtto,
300 2791 323 2835 et
337 2782 433 2852 aliqrtid
450 2783 503 2838 illic
520 2786 545 2838 in
563 2787 628 2841 solio
644 2789 769 2858 sacrilepii
784 2792 823 2843 sui
843 2791 964 2860 letemini,
986 2804 1009 2848 et

221 2869 305 2924 scierit
317 2870 485 2938 christianus,
496 2874 519 2927 si
533 2873 603 2928 debet
617 2876 644 2929 in
662 2879 746 2931 eodem
759 2880 823 2933 solio
842 2881 1009 2938 descendere?

221 2988 259 3001 -
268 2958 298 3014 st
310 2959 461 3018 eluistionus
473 2962 592 3021 inritatus
606 2966 637 3020 ab
648 2966 731 3036 aliquo
741 2970 881 3039 appositam
896 2972 1009 3028 lrobuerit

221 3064 322 3105 carnem
334 3050 361 3104 in
371 3066 462 3118 escam,
475 3053 507 3106 de
519 3070 567 3121 qna
577 3053 670 3109 dictum
683 3058 759 3126 [uerit
768 3059 806 3112 illi
819 3061 878 3130 qnia
890 3063 1007 3118 immolo·

222 3141 279 3195 tilia
295 3150 342 3209 est,
367 3151 391 3196 ει
411 3158 462 3198 non
480 3145 665 3201 ntarrducaeerit
684 3165 758 3216 eant,·
771 3160 857 3220 posteo
877 3162 961 3208 aretem
975 3154 1005 3208 ab

220 3229 306 3301 aliquo
325 3233 472 3287 translatum
489 3235 570 3304 ipsam
590 3252 689 3293 caricem
707 3239 791 3314 aliquo
812 3258 871 3297 cusu
888 3243 1007 3301 irruenerit

221 3323 345 3388 uenalem,
361 3333 385 3377 et
398 3326 483 3381 emerit
495 3342 566 3394 eant,
577 3338 620 3381 ont
633 3331 773 3400 appositum
787 3333 899 3388 irrubuerit
908 3335 940 3389 'ab
955 3338 1004 3391 oli-

218 3429 267 3482 quo
281 3414 333 3468 alio
342 3414 471 3481 inritatus,
484 3426 508 3471 ει
522 3435 573 3472 non
587 3423 728 3491 eoprroocrit
744 3440 798 3478 enne
809 3467 816 3490 ‚
829 3435 852 3480 et
866 3429 1005 3482 nrurrducu·

219 3501 296 3568 serit,
312 3503 335 3556 si
351 3517 436 3574 peccat
446 3505 503 3559 l-
513 3505 544 3561 Si
556 3508 587 3562 de
600 3509 671 3563 burto
684 3512 722 3565 uel
736 3515 768 3566 de
782 3518 936 3584 possessione
949 3519 1005 3572 ido·

218 3589 301 3645 lorum
318 3591 358 3646 sel
376 3595 533 3648 suendotuna
559 3613 644 3650 eorum
666 3599 736 3653 debet
755 3602 906 3658 clrristianus
926 3607 1006 3661 sciens

219 3680 275 3733 olus
288 3696 378 3747 etitem,
390 3682 428 3736 ael
440 3684 548 3753 ulianam
561 3689 678 3755 pruriunt,
688 3697 710 3743 et
720 3689 778 3743 inde
792 3692 881 3748 edere?
894 3695 963 3750 Sane
974 3698 1006 3750 de

215 3770 375 3841 juramento,
389 3773 428 3826 nel
441 3773 471 3826 de
484 3773 573 3842 idolis,
585 3787 611 3829 ut
624 3777 733 3832 laborent
747 3797 796 3834 uon
811 3785 915 3852 patioris
926 3787 954 3839 in
969 3804 1006 3841 re-

219 3858 349 3928 quirendo,
366 3877 423 3927 quor
435 3861 543 3917 doctrino
557 3865 665 3922 donante
678 3869 859 3940 invenerimus,
871 3885 928 3928 arete
942 3893 1004 3930 ocn-

219 3947 258 4003 los
273 3956 329 4003 tuos
346 3950 413 4004 uolui
426 3969 565 4023 proponere
577 3972 585 4013 :
597 3958 620 4010 si
635 3958 696 4028 quid
707 3971 790 4015 autem
807 3965 879 4018 alind
893 3970 1004 4038 apertius

217 4047 263 4091 ortt
278 4037 366 4097 niellus
378 4040 403 4094 in
413 4042 551 4113 Scripturis
566 4045 702 4111 inueneris,
717 4050 821 4120 dipnure
835 4055 897 4109 ntilti
906 4057 1003 4127 sipnifi-

217 4143 285 4186 care·
299 4127 372 4185 lltrde
384 4147 441 4202 pue
452 4134 600 4201 invenimus,
612 4139 665 4191 berc
675 4148 733 4193 sunt
743 4143 785 4194 nbi
797 4141 882 4199 Laban
898 4146 961 4203 dicit
970 4150 1004 4203 ud

218 4218 310 4287 locui,
326 4239 335 4273 c
353 4221 423 4278 beas
438 4225 565 4280 Abrabam
576 4238 601 4283 et
612 4227 682 4287 Deus
694 4229 812 4286 Nocborr
826 4234 901 4306 (Gen.
915 4256 999 4309 xxxi,

216 4312 288 4382 aab
309 4330 380 4384 quem
399 4324 482 4370 auteur
502 4317 600 4387 veona,
618 4337 669 4375 non
689 4323 837 4394 sipnificaoit
856 4327 1001 4402 Scriptura.

218 4400 253 4456 Et
266 4403 366 4470 iterum,
384 4424 393 4456 i
411 4406 550 4461 Abimeleeb
565 4411 666 4478 quando
678 4415 743 4468 uenit
754 4416 788 4469 ad
801 4415 877 4473 isaac
895 4422 938 4475 ubi
954 4423 1002 4492 ju·

222 4509 232 4543 c
249 4493 331 4557 ruoit,
346 4494 384 4547 uel
401 4496 444 4564 pul
458 4512 514 4549 cunt
525 4498 572 4553 illo
586 4512 679 4555 erunt»
697 4502 752 4575 (ld.
776 4522 859 4572 xxvi,
875 4510 940 4580 5¹);
958 4515 1002 4567 sed

215 4583 290 4651 quale
308 4583 491 4652 juramentum,
512 4604 561 4641 non
581 4590 729 4660 sipnificauit
747 4594 890 4667 Scriptura.
905 4599 1002 4656 lterum

215 4673 248 4727 de
260 4673 350 4743 idolis,
366 4676 408 4730 ubi
425 4677 459 4731 ad
478 4677 578 4735 Gedeon
592 4683 685 4738 dietum
698 4696 734 4741 est
747 4705 763 4741 o
776 4687 884 4745 Donrino
899 4693 925 4746 in
938 4694 1001 4751 libro

213 4761 348 4831 ¹iudicum,
364 4777 392 4820 nt
408 4769 439 4821 de
452 4769 530 4825 uitulo
549 4788 621 4841 quem
640 4776 763 4833 occiderat
776 4779 948 4839 bolocourtnm
961 4788 976 4857 l
989 4817 1001 4829 ·

193 4926 196 4931 ,
213 4868 278 4915 reret
293 4857 377 4930 (tut.
391 4876 428 4928 tt,
439 4862 496 4934 26).
512 4864 545 4918 tu
564 4867 590 4919 in
612 4865 674 4924 lesu
696 4869 768 4927 Nune
781 4872 812 4928 de
835 4874 947 4946 lericlro,
974 4890 1000 4935 ut

217 4966 290 5007 antire
311 4968 411 5020 numm,
431 4966 572 5028 arpentum,
592 4968 616 5012 et
636 4975 797 5019 aeramentum
821 4968 954 5038 italerretur
972 4975 999 5028 in

216 5038 340 5095 tbcsamis
356 5041 469 5109 Domini,
488 5054 510 5098 et
529 5057 643 5102 cerretum
665 5062 778 5107 occatum
798 5065 834 5109 εει
848 5057 879 5112 de
890 5061 996 5130 ciuitate,

213 5147 271 5200 nuce
283 5134 416 5190 oumbema
435 5145 472 5191 est
490 5136 556 5209 (los.
569 5156 605 5205 vt,
619 5141 671 5212 tlt).
687 5141 719 5197 Et
733 5145 793 5213 quid
807 5157 842 5200 est
854 5149 919 5203 illud
931 5155 998 5221 prod

212 5219 240 5273 in
255 5219 446 5280 deuteronomio
464 5222 573 5297 positam
592 5238 628 5286 est
639 5246 671 5284 :i
686 5232 746 5287 Nou
761 5235 853 5308 interes
868 5239 997 5297 abonrina·

215 5325 224 5360 r
241 5308 333 5364 tionem
347 5313 373 5366 in
395 5316 497 5370 domam
515 5327 594 5385 tuane,
606 5329 629 5373 et
643 5323 777 5378 anatliema
796 5327 859 5392 eris,
874 5330 937 5385 sicru
949 5333 997 5391 bos

215 5414 225 5448 i
244 5397 326 5467 ipsum
340 5404 417 5456 ertlr
434 5405 521 5477 (Dent.
536 5425 582 5475 vir,
597 5410 654 5481 dd).
668 5409 795 5469 Dourinus
808 5424 831 5470 te
842 5429 920 5474 strom
935 5437 995 5477 :so-

211 5485 492 5561 mmmmm

240 5595 276 5660 (c)
286 5605 344 5649 tuse
355 5600 482 5655 scilicet-iu
493 5619 541 5671 quo
554 5610 670 5663 sedentes
681 5611 828 5667 lavabantur.

837 249 866 307 S.
886 246 1066 308 cucusum
1085 249 1234 307 eruscoal

1808 262 1859 319 tsi

1294 363 1455 422 urtsrouu
1475 369 1566 424 xuvu
1581 370 1628 443 (a).

1069 471 1221 542 lupustinus
1244 472 1382 530 Patricole
1411 476 1522 534 dissoluit
1547 483 1641 552 aliquot
1665 500 1697 537 eo
1722 487 1856 554 propositis

1367 569 1551 636 paoeuionibus.

1066 671 1854 751 llonorabilictdilectissimolrlioPuuutcoumbucusunus,

1313 767 1339 820 iu
1357 768 1469 824 Douriuo
1485 773 1607 827 salutem.

1102 875 1125 929 l.
1152 876 1243 933 AEstus
1261 880 1342 934 srrirui
1361 881 1398 936 tui
1417 892 1587 955 posteaquam
1597 885 1676 942 didici
1686 887 1779 943 litteris
1790 891 1853 955 tuis,

1065 965 1144 1020 etiarn
1158 967 1208 1022 urei
1219 969 1345 1023 contiuuo
1360 971 1420 1026 lacti
1433 980 1503 1040 sunt,
1514 989 1565 1028 uou
1578 990 1629 1045 quo
1640 992 1682 1031 me
1692 979 1778 1032 ouruln
1794 979 1853 1033 talia

1065 1067 1260 1124 permoverent,
1274 1060 1395 1129 qrralibus
1415 1062 1535 1119 iudicasti
1556 1074 1582 1120 te
1602 1081 1662 1121 esse
1682 1079 1851 1137 permotum:

1064 1146 1110 1201 scd
1123 1147 1256 1218 quomodo
1266 1150 1313 1204 tibi
1327 1151 1494 1208 auferrentur
1507 1154 1533 1209 bi
1546 1164 1636 1221 astus,
1652 1159 1743 1222 intuor,
1759 1170 1855 1216 aestua·

1063 1237 1088 1292 ri
1098 1254 1105 1305 ς
1117 1238 1295 1310 unanimoquia
1304 1241 1371 1309 petis
1383 1248 1410 1297 ut
1422 1242 1554 1301 definitive
1565 1246 1610 1301 tibi
1625 1249 1807 1310 rescriberem.
1821 1267 1853 1305 uc

1063 1326 1089 1380 iu
1103 1327 1218 1397 majores
1230 1328 1406 1386 dubitationes
1416 1333 1555 1401 incideres,
1569 1347 1796 1407 qiuumautoquaru
1811 1341 1853 1394 iu-

1064 1425 1235 1487 terrogasscs.
1248 1420 1303 1475 lloc
1315 1423 1385 1476 enim
1400 1424 1476 1479 rideo
1490 1441 1542 1480 uon
1555 1441 1614 1481 esse
1628 1428 1653 1482 iu
1664 1444 1720 1484 unca
1735 1442 1851 1499 potestu-

1063 1515 1098 1562 tc.
1122 1506 1189 1562 Nam
1210 1510 1406 1579 quomodolibet
1420 1515 1550 1584 scripsero
1571 1532 1630 1587 quae
1644 1520 1709 1574 mibi
1732 1522 1854 1577 ridentur

1063 1610 1121 1651 csse
1135 1598 1291 1664 certissima,
1306 1600 1327 1654 si
1347 1601 1393 1655 tibi
1418 1617 1470 1657 nou
1498 1620 1662 1674 persuasero,
1680 1611 1852 1677 proculdubio

1062 1686 1116 1739 eris
1129 1687 1263 1741 incertior.
1277 1688 1333 1743 Nou
1348 1698 1435 1745 autem
1449 1693 1515 1746 sicut
1528 1694 1591 1747 mibi
1603 1695 1706 1764 adjacet
1728 1700 1849 1768 suadere,

1062 1791 1095 1831 eo
1109 1778 1187 1832 mizdo
1200 1778 1302 1848 adjacet
1321 1781 1399 1836 etiam
1422 1785 1580 1851 perscindero
1600 1786 1715 1842 cuilibet.
1738 1789 1850 1844 Verum-

1062 1876 1150 1924 tamen
1170 1885 1203 1924 ue
1222 1879 1273 1924 tua>
1296 1871 1429 1928 dilectioni
1448 1890 1573 1946 negarem
1595 1879 1729 1946 operulam
1751 1897 1849 1948 meatu,

1061 1967 1122 2027 post
1147 1958 1307 2029 aliquantam
1337 1961 1553 2021 deliberationem
1575 1969 1773 2025 rescribendum
1796 1988 1848 2043 pu·

1061 2050 1124 2104 tavi.

1096 2138 1123 2195 2.
1138 2138 1225 2195 bloiet
1238 2150 1263 2197 te
1277 2150 1349 2198 certe
1366 2153 1453 2199 utrum
1468 2145 1525 2216 ejus
1538 2147 1589 2203 lide
1602 2149 1727 2205 utendum
1746 2152 1788 2218 sit,
1805 2155 1849 2224 qui

1061 2237 1090 2282 ut
1098 2243 1157 2283 eam
1167 2240 1256 2287 servet
1266 2233 1449 2302 perclamouia
1459 2235 1597 2305 juraverit.
1608 2239 1658 2294 Ubi
1667 2251 1692 2296 te
1706 2243 1766 2297 uolo
1777 2245 1850 2314 prius

1061 2320 1240 2387 considerare,
1262 2331 1349 2377 utrum
1369 2324 1392 2378 si
1415 2327 1544 2396 quispiam
1563 2344 1611 2399 per
1629 2330 1695 2387 deos
1713 2332 1793 2389 salsos
1807 2335 1850 2404 iu·

1061 2412 1158 2468 raverit
1181 2428 1210 2468 se
1230 2414 1307 2469 sudem
1330 2428 1506 2483 servaturum,
1528 2429 1554 2474 et
1571 2437 1629 2477 erun
1651 2439 1702 2479 uon
1727 2441 1851 2482 serrave-

1062 2500 1114 2567 rit,
1140 2517 1192 2558 nou
1217 2503 1264 2558 tibi
1290 2504 1412 2560 uideatur
1435 2508 1476 2562 bis
1502 2525 1634 2578 peccasse.
1658 2514 1685 2569 Si
1711 2517 1781 2570 euius
1804 2519 1849 2572 tali

1059 2589 1192 2659 juratione
1223 2594 1381 2662 promissam
1409 2599 1555 2653 custodiret
1582 2601 1678 2668 iidem,
1704 2604 1763 2659 ideo
1789 2615 1848 2663 tan·

1061 2688 1117 2734 tum
1130 2697 1254 2751 peccasse
1262 2683 1434 2754 judicaretur,
1450 2690 1511 2759 quia
1524 2705 1570 2760 per
1585 2693 1649 2747 tales
1658 2694 1722 2749 deos
1729 2695 1846 2766 jurarit:

1061 2769 1224 2826 illudentem
1245 2789 1323 2830 nemo
1349 2785 1420 2831 recto
1441 2779 1663 2848 reprehenderet,
1688 2785 1748 2852 utria
1768 2785 1846 2840 sideru

1060 2863 1183 2916 serravit.
1204 2863 1280 2919 Nunc
1293 2882 1365 2929 vero,
1380 2869 1440 2937 quia
1453 2879 1480 2923 et
1491 2870 1589 2940 jurarit
1600 2888 1647 2942 per
1659 2889 1725 2943 quos
1734 2892 1786 2930 uou
1802 2878 1847 2933 de·

1060 2949 1126 3016 buit,
1142 2960 1168 3006 ct
1179 2963 1268 3007 contra
1281 2955 1422 3022 pollicitam
1435 2958 1513 3014 fidem
1522 2961 1582 3015 lecit
1595 2964 1665 3032 quod
1679 2978 1730 3019 urea
1745 2965 1846 3034 debuit,

1059 3042 1100 3097 bis
1121 3043 1209 3114 utique
1222 3046 1353 3112 peccarim
1369 3062 1400 3101 ac
1417 3063 1466 3119 per
1485 3049 1535 3105 boc
1547 3053 1591 3122 qui
1609 3053 1689 3110 utitur
1703 3055 1753 3111 lide
1778 3058 1848 3114 illius

1059 3146 1137 3200 quem
1147 3141 1251 3188 constat
1260 3134 1363 3202 jurasse
1378 3152 1425 3206 pcr
1435 3139 1499 3193 deos
1513 3140 1604 3207 falsos,
1618 3151 1645 3196 et
1657 3145 1740 3198 utitur
1752 3161 1804 3200 nou
1814 3148 1847 3202 ad

1060 3223 1167 3289 malum,
1181 3223 1227 3278 sed
1238 3226 1269 3278 ad
1282 3225 1380 3281 licitum
1391 3237 1418 3283 et
1438 3229 1545 3296 bonum,
1559 3247 1610 3286 iton
1624 3247 1732 3303 peccato
1747 3240 1804 3305 ejus
1818 3254 1847 3294 εε

1059 3314 1206 3385 sociatque
1217 3331 1263 3386 per
1274 3317 1404 3374 daemonia
1415 3321 1523 3390 iurarit,
1546 3326 1592 3379 sed
1616 3327 1686 3382 bono
1699 3340 1778 3398 pacto
1790 3331 1847 3401 ejus

1058 3417 1110 3473 quo
1120 3403 1197 3458 lidcm
1209 3406 1332 3460 servarit.
1346 3408 1435 3479 Neque
1444 3411 1486 3466 bic
1496 3427 1553 3466 earu
1569 3413 1647 3470 srilcur
1662 3416 1720 3471 dico
1735 3422 1845 3487 serrari,

1058 3507 1109 3563 qua
1124 3493 1214 3550 fideles
1234 3507 1362 3552 vocarrtur
1382 3499 1427 3568 quii
1451 3499 1615 3570 baptizantur
1630 3505 1655 3558 iu
1667 3504 1784 3562 Christo.
1799 3510 1844 3564 llla

1057 3586 1129 3641 euim
1145 3586 1282 3658 lougealia
1301 3600 1341 3645 est
1354 3591 1482 3662 longeque
1495 3594 1607 3650 discreta
1620 3614 1634 3650 a
1649 3597 1700 3654 lide
1718 3600 1847 3657 bumano-

1056 3691 1115 3729 ruru
1136 3678 1290 3747 placitorum
1311 3689 1391 3750 atque
1412 3696 1557 3752 pactcnuru.
1576 3687 1762 3746 Verumtamen
1787 3695 1846 3750 sine

1058 3766 1109 3818 ulla
1129 3766 1292 3824 dubitatione
1315 3771 1403 3826 miuus
1425 3775 1522 3829 rutulum
1537 3787 1576 3831 εει
1588 3793 1635 3848 per
1651 3780 1729 3835 deum
1752 3785 1843 3840 lulsuur

1054 3857 1146 3927 jurare
1158 3862 1297 3927 ueraciter,
1309 3879 1386 3934 qurum
1409 3881 1457 3935 per
1481 3869 1563 3923 Deum
1590 3886 1682 3927 rerum
1705 3874 1842 3932 fallaciter.

1056 3947 1160 4014 Quanto
1174 3951 1244 4007 cuim
1265 3967 1312 4020 per
1333 3954 1403 4023 quod
1423 3955 1525 4025 juratur
1544 3962 1627 4031 magis
1647 3971 1687 4017 cst
1711 3976 1842 4033 sanctum,

1057 4046 1129 4092 tauto
1143 4040 1226 4110 uirgis
1237 4051 1278 4096 est
1290 4046 1394 4113 poeuale
1408 4050 1562 4116 perjurium.
1579 4054 1636 4107 Alia
1655 4069 1718 4126 crgo
1732 4062 1843 4126 quaetio

1056 4135 1104 4193 cst,
1119 4139 1205 4185 utrum
1217 4147 1269 4186 nou
1282 4145 1373 4202 peccet
1385 4138 1430 4206 qui
1450 4153 1497 4207 per
1515 4140 1596 4196 salsos
1616 4144 1680 4199 deos
1694 4147 1745 4201 sibi
1757 4149 1843 4218 J'ururi

1055 4215 1127 4286 lecit,
1138 4221 1197 4291 quia
1211 4223 1254 4278 illc
1266 4225 1310 4294 qui
1325 4226 1349 4280 ei
1358 4227 1440 4295 Jurat,
1452 4230 1515 4285 deos
1530 4230 1611 4287 lalsos
1623 4236 1695 4291 colit.
1708 4237 1756 4293 Cui
1770 4258 1841 4310 ψιε-

1055 4307 1134 4364 stioui
1159 4324 1268 4379 possunt
1296 4315 1339 4369 illa
1358 4319 1506 4375 testiumuia
1530 4323 1677 4394 suffragari,
1701 4343 1759 4396 quac
1784 4331 1840 4399 ipsc

1054 4407 1266 4461 commemorasti
1280 4407 1313 4462 de
1328 4408 1450 4465 Labauet
1460 4413 1623 4482 Abiurclecb,
1639 4418 1661 4472 si
1673 4427 1758 4474 tamen
1773 4422 1839 4476 Abi·

1053 4492 1155 4548 melech
1171 4509 1216 4563 per
1227 4495 1363 4554 deossuos
1373 4500 1481 4569 jurarit,
1498 4504 1564 4558 sicut
1583 4505 1671 4562 Labau
1689 4524 1736 4578 por
1756 4511 1839 4568 Derim

1052 4582 1158 4640 Nacbor
1170 4586 1178 4616 ¹
1196 4624 1203 4639 .
1219 4587 1291 4653 llaec,
1304 4600 1332 4643 ut
1343 4590 1407 4656 dixi,
1419 4593 1468 4646 alia
1482 4597 1591 4664 qunstio
1601 4607 1650 4660 ost,
1662 4614 1721 4669 quae
1734 4616 1776 4658 me
1785 4619 1840 4659 uic·

1054 4675 1107 4730 rito
1120 4675 1240 4733 fortassis
1253 4691 1383 4744 moneret,
1399 4684 1448 4738 nisi
1462 4687 1505 4740 illa
1518 4690 1639 4758 exempla
1661 4695 1836 4751 occurrissent

1052 4765 1087 4820 de
1102 4766 1173 4821 isaac
1184 4767 1309 4836 etlacob,
1324 4781 1352 4827 ct
1367 4773 1388 4826 si
1404 4789 1454 4843 qun
1474 4775 1524 4829 alia
1540 4789 1648 4845 possunt
1663 4780 1785 4838 inveniri.
1810 4786 1838 4841 Sl

1052 4863 1140 4911 amen
1153 4857 1216 4912 illud
1228 4875 1278 4914 nou
1290 4861 1376 4917 adbuc
1386 4874 1473 4920 rueret
1483 4865 1553 4935 quod
1563 4868 1587 4921 iu
1598 4867 1672 4925 Noto
1682 4870 1838 4929 Testamen-

1052 4957 1079 5002 to
1091 4949 1250 5017 dictumest,
1265 4969 1299 5009 nc
1314 4954 1421 5010 ourrriuo
1431 4956 1551 5025 juremus
1564 4959 1667 5030 (llattlr.
1682 4979 1709 5029 v,
1723 4965 1767 5031 at,
1780 4966 1836 5039 56),

1050 5041 1126 5107 Quod
1150 5044 1255 5114 uiridem
1275 5047 1338 5100 mibi
1362 5058 1500 5118 propterca
1522 5050 1621 5108 dictum
1644 5057 1763 5126 ridetur,
1784 5077 1836 5116 rum

1050 5134 1110 5202 quia
1131 5151 1221 5190 verum
1240 5136 1329 5206 jurare
1351 5149 1484 5208 peccatum
1507 5154 1558 5211 est,
1583 5147 1703 5217 sedquia
1718 5151 1837 5219 pejerare

1050 5225 1452 5302 irumauepeccatumcst;aquo
1461 5251 1509 5290 uos
1524 5236 1600 5307 louge
1613 5254 1672 5295 esse
1685 5244 1776 5310 rotuli,
1791 5244 1836 5312 piri

1049 5315 1202 5414 omupmodo
1215 5332 1249 5372 ue
1259 5317 1377 5387 juremus
1392 5323 1536 5379 admonuit.
1552 5327 1604 5382 Sed
1620 5329 1664 5384 tibi
1679 5332 1749 5385 aliud
1763 5334 1852 5396 ride·¹

1079 5445 1088 5477 ¹
1100 5444 1157 5493 leid.
1166 5452 1191 5494 et
1201 5452 1314 5511 ttss.,per
1322 5451 1482 5504 uennttocob.
1494 5459 1635 5520 castigatius
1644 5467 1730 5510 cztatur
1741 5476 1755 5512 a
1766 5478 1835 5515 carro·

1048 5506 1130 5565 aistis,
1139 5519 1185 5617 lig
1199 5516 1272 5556 berun
1284 5508 1384 5560 u'nclror.

1079 5566 1138 5627 (mu
1196 5568 1252 5617 llll:
1265 5584 1319 5633 quae
1329 5580 1410 5622 autem
1422 5575 1450 5626 ll
1463 5584 1523 5638 crat,
1536 5592 1598 5630 niun
1609 5581 1662 5633 ild.
1672 5586 1759 5649 scripte
1771 5598 1832 5637 culn

1049 5626 1113 5679 idem
1126 5635 1229 5691 teinpus.
