3906 6390
237 385 317 441 mna
328 380 450 437 meritum
462 375 519 444 cjrrs
538 371 612 431 rubis
626 367 752 426 insinuari
774 363 898 439 potuerit.
921 358 1022 417 Deinde

237 491 271 533 ex
286 474 336 530 bac
347 470 486 527 baudone
503 463 667 537 proponiset
678 471 768 516 versat
780 455 815 512 de
825 454 913 511 anima
929 452 1025 508 obscu-

237 563 370 620 rissimam
391 555 584 629 qnestimreru,
610 559 699 606 utrum
718 562 780 604 com
802 544 891 614 aliquo
912 554 1025 610 corporo

238 652 388 725 egrediatur
402 665 420 706 e
438 661 567 717 corpore,
578 659 633 714 quo
648 639 731 712 possit
748 637 783 694 ad
801 632 947 705 corporalia
968 631 1025 686 loca

239 743 313 809 ferri,
326 740 366 796 vel
380 739 447 795 locis
459 734 641 807 corporalibus
652 729 791 787 contineri.
804 726 888 796 llnjos
898 724 976 794 igitur
987 725 1026 780 rei

240 839 384 894 tractatus,
402 830 424 884 si
444 837 531 882 tamen
544 823 579 880 ad
591 821 718 894 liquidum
731 834 746 874 a
761 816 856 872 talibus
869 815 962 887 quales
975 827 1026 868 nos

239 935 342 986 mimus,
356 918 500 975 examinari
515 923 615 986 potest,
626 926 717 971 curam
732 918 812 980 atque
823 922 933 978 operam
945 919 1026 974 nego·

240 1011 411 1067 tiosissirunm
432 1005 564 1078 postulat,
579 1018 611 1058 ac
623 1016 670 1072 per
683 1001 734 1055 hoe
752 1005 868 1055 urentem
883 996 917 1052 ab
930 995 972 1051 bis
983 1009 1028 1048 ec·

238 1084 1028 1174 culpatiouibusotiosissimam.Siautembreviterrisnudire

239 1191 303 1262 quid
326 1190 391 1247 mibi
410 1188 541 1252 videatur,
560 1184 632 1240 nullo
650 1182 729 1240 modo
747 1181 861 1236 arbitror
879 1177 1027 1234 animame

239 1297 352 1353 corpore
365 1281 440 1336 exire
452 1293 513 1334 curn
526 1291 650 1345 corpore.

276 1371 305 1426 2.
326 1369 447 1425 Visiones
458 1375 547 1422 autem
560 1366 621 1432 ille,
632 1362 834 1430 futurorumque
845 1357 1031 1430 praedictiones

240 1461 374 1534 quomodo
394 1458 474 1526 liattt,
488 1459 531 1513 ille
546 1457 602 1527 iam
622 1455 755 1524 explicare
768 1460 887 1515 conetur,
901 1446 1031 1520 quinovit

242 1568 294 1623 qua
308 1553 332 1607 vi
343 1551 491 1608 efficiantur
500 1550 527 1604 iu
538 1562 695 1618 unoquoque
712 1546 801 1599 animo
814 1551 897 1609 muta,
912 1556 971 1597 cunt
983 1553 1030 1595 co·

241 1644 316 1715 girat.
334 1641 457 1698 Videmus
468 1640 554 1707 euim,
568 1638 699 1709 planeque
711 1635 847 1692 ceruimus
873 1633 901 1688 in
922 1646 956 1688 eo
973 1629 1030 1686 lleri

241 1749 331 1792 rerum
345 1732 488 1789 multarum
504 1729 660 1792 visibilium,
676 1737 703 1781 et
724 1725 757 1780 ad
780 1733 893 1780 eeteros
910 1720 1032 1792 corporis

240 1840 335 1882 seusus
358 1822 563 1894 pertinentium,
587 1815 793 1873 inuurnembiles
814 1812 1032 1883 imagiucsrquae

240 1929 295 1970 non
305 1914 417 1970 interest
426 1926 505 1982 quarn
519 1907 641 1967 ordinate
653 1907 693 1962 vel
711 1903 813 1960 turbide
826 1902 903 1967 frant;
914 1898 963 1956 sed
974 1909 1032 1953 tan·

240 2013 296 2060 tum
309 2003 370 2073 quia
384 2000 466 2067 bunt,
480 1998 550 2070 qood
568 1997 736 2054 manifestum
749 2001 806 2059 est,
823 2006 875 2063 qua
889 1992 913 2047 vi
927 1998 955 2047 et
966 2005 1031 2058 quo·

239 2092 320 2149 modo
338 2091 403 2147 hant
423 2088 542 2161 quisquis
563 2086 678 2158 potuerit
696 2082 923 2156 explicaremus
942 2081 1031 2137 omitia

243 2191 316 2239 certe
326 2178 480 2251 quotidiana
492 2188 554 2234 sont
568 2185 646 2248 atque
657 2173 805 2245 contiuua),
816 2171 912 2230 audeat
931 2187 1031 2243 prosu·

240 2288 314 2329 mere
324 2270 421 2342 aliquid
433 2286 465 2326 ac
476 2269 587 2326 definire
596 2269 677 2324 etiarn
691 2265 725 2323 dc
738 2266 790 2321 illis
804 2265 946 2321 rarissimis
957 2265 1032 2324 visis.

241 2361 302 2432 Ego
315 2371 403 2416 autem
425 2368 499 2415 tartto
517 2359 605 2415 miuus
619 2357 671 2414 buc
682 2355 778 2424 audeo,
791 2364 892 2427 quanto
906 2355 993 2410 miuus
1007 2353 1034 2410 id

246 2453 388 2524 qnoquein
402 2450 479 2507 uobis
501 2448 571 2522 quod
593 2449 645 2505 vita
667 2448 791 2503 contiuua
816 2446 953 2517 uigilantes
973 2447 1035 2503 dor·

245 2542 412 2615 ridentesque
425 2543 589 2612 experimur,
600 2557 654 2611 quo
666 2549 744 2612 pacto
756 2540 801 2594 fiat
813 2539 947 2609 explicaro
958 2539 1033 2595 sufli-

242 2633 295 2691 cio.
306 2632 364 2689 Nou
375 2648 434 2688 cunt
445 2631 477 2688 ad
488 2640 514 2688 tc
527 2631 654 2686 dictarem
666 2630 734 2686 hauc
743 2628 898 2700 epistolam,
921 2629 1033 2700 teipsum

241 2725 331 2778 auimo
343 2722 498 2789 contuebar,
517 2720 647 2791 tentique
664 2719 867 2790 absentemque
887 2719 1032 2784 ttescieute,

242 2822 271 2870 ct
287 2814 421 2883 quomodo
434 2811 521 2882 possis
534 2811 578 2867 bis
589 2812 678 2867 verbis
692 2810 809 2877 moveri,
822 2809 968 2866 secundum
984 2825 1034 2864 no·
1053 2822 1054 2826 ’

244 2903 329 2960 titiant
348 2917 407 2973 quae
421 2899 486 2956 mibi
508 2899 542 2957 de
562 2905 589 2955 te
610 2898 698 2965 inest,
719 2896 896 2968 imaginabar-3
910 2906 989 2967 atque
1008 2896 1035 2952 id

244 3008 358 3065 quonam
376 2991 456 3047 modo
473 2990 499 3047 iu
518 2990 608 3046 animo
630 2992 690 3044 mco
703 2986 796 3055 lieret,
810 3001 906 3056 capere
919 3000 949 3040 ac
961 2986 1035 3042 inre-

243 3085 341 3156 stigare
355 3098 406 3140 non
418 3092 546 3154 poteram,
563 3090 652 3138 certus
665 3088 753 3136 tamen
766 3095 819 3135 non
832 3077 889 3138 hori
899 3078 1035 3149 corporeis

241 3175 376 3247 molibus,
393 3189 441 3231 uec
453 3172 590 3243 corporcis
601 3170 788 3243 qualitatibus,
802 3185 862 3228 eutn
877 3170 981 3241 corpori
996 3171 1035 3225 si-

244 3265 383 3320 millimum
398 3265 491 3320 ficret:
506 3263 557 3318 hoc
569 3260 674 3318 interim
690 3259 806 3327 babeas,
820 3268 849 3314 ut
861 3260 895 3315 ab
906 3267 1035 3330 occupato

244 3364 271 3410 et
283 3353 423 3410 festinante
435 3352 571 3408 dictatum.
584 3350 612 3406 ln
627 3348 785 3406 duodecimo
799 3359 888 3406 autem
909 3349 976 3404 libre
990 3365 1036 3404 oo-

246 3459 303 3498 rum
325 3459 391 3515 qnos
411 3442 444 3498 dc
465 3440 561 3499 Genesi
583 3440 691 3512 scripsi,
705 3447 826 3495 uersatur
848 3440 905 3496 hec
924 3439 1035 3510 questio

244 3533 425 3598 veltententer,
441 3540 470 3588 ct
488 3548 520 3588 cx
543 3530 632 3587 multis
654 3547 742 3588 rerum
764 3540 934 3602 expertarum
955 3539 1035 3602 atquc

245 3623 408 3678 credibiliter
420 3622 566 3678 auditarum
579 3622 709 3691 eueruplis
726 3620 869 3691 disputatio
888 3621 932 3676 illa
953 3622 1035 3677 silve·

246 3717 306 3771 scit.
319 3715 387 3783 Quid
400 3717 426 3769 iu
442 3730 472 3770 ea
491 3714 653 3784 potuerimus
668 3712 709 3767 vel
722 3712 903 3778 effecerimus,
917 3727 977 3767 conr
997 3712 1036 3768 le·

245 3807 327 3879 geris,
339 3805 486 3877 judicatus,
498 3805 520 3859 si
535 3814 624 3859 tamen
637 3804 763 3859 Dominus
775 3803 924 3873 dignabitur
936 3804 1036 3861 donare

246 3904 276 3951 ιιι
295 3911 344 3951 eos
366 3894 431 3949 mibi
456 3894 558 3959 libros,
581 3902 708 3963 quantum
729 3905 835 3961 possum
861 3900 1037 3963 congruenter

248 3984 418 4050 emendatos,
430 3984 484 4053 jam
499 3984 575 4037 liccat
594 3981 690 4047 cdere,
717 3990 744 4036 ct
764 3981 905 4037 multorum
927 3983 1036 4038 fratrom

247 4072 471 4144 exspectationem
479 4071 588 4144 uoniam
596 4070 856 4143 longadisputatioae
863 4073 1036 4143 suspendere.

283 4165 311 4220 3.
332 4163 451 4220 Narrabo
465 4170 552 4219 autem
566 4177 646 4218 tritum
663 4161 761 4233 aliquid
780 4162 896 4218 breviter
907 4161 977 4218 uude
990 4179 1037 4220 co·

247 4255 325 4327 gitcs.
337 4253 432 4310 Frater
446 4260 538 4309 noster
549 4250 712 4319 Gennadius,
722 4250 876 4308 notissimus
885 4252 940 4308 fere
952 4253 1037 4307 orani·

248 4345 308 4411 bus,
324 4345 451 4415 uobisque
467 4343 638 4399 charissimus
653 4341 788 4410 medicus,
807 4341 852 4411 qui
873 4357 944 4397 natue
964 4342 1035 4413 apud

249 4433 435 4503 Carthaginem
449 4432 537 4503 degit,
551 4442 578 4487 et
590 4430 682 4486 lloruae
698 4446 753 4487 snae
765 4431 832 4486 artis
848 4433 1037 4491 exercitatione

250 4524 417 4595 praepolluit,
429 4531 459 4579 ut
468 4523 602 4578 hominem
616 4522 766 4594 religiosum
782 4522 866 4589 nosti,
878 4533 957 4594 atque
975 4539 1036 4595 erga

248 4627 393 4684 pauperum
415 4627 505 4669 curam
526 4611 636 4682 impigra
660 4609 840 4667 misericordia
862 4612 1037 4684 hrcilliruoque

248 4703 338 4758 auimo
349 4700 583 4773 benignissimum,
595 4698 733 4756 dubitabat
745 4707 833 4756 tamen
847 4700 997 4773 aliquando,
1008 4711 1038 4758 ut

248 4790 328 4848 modo
340 4790 416 4848 uobis
428 4789 536 4856 retulit,
552 4805 612 4846 cum
626 4788 714 4846 adbuc
734 4797 806 4847 esset
827 4791 999 4858 adolescens,
1010 4803 1037 4850 ct

247 4885 274 4941 in
288 4883 518 4957 hiseleemosynis
534 4881 761 4950 ferventissimus,
783 4891 870 4940 utrum
891 4893 963 4942 esset
983 4886 1035 4942 ulla

247 4978 300 5033 vita
313 4984 508 5048 postmortem.
523 4974 605 5047 liujus
620 4974 699 5046 igitur
713 4984 830 5032 mentem
848 4984 876 5031 ct
894 4990 974 5047 opera
988 4977 1037 5032 mi-

247 5066 398 5124 sericordiae
410 5065 534 5137 quoniam
548 5064 617 5122 Deus
631 5064 705 5122 nullo
725 5066 805 5122 modo
825 5066 976 5134 desereret,
990 5083 1036 5139 ap

247 5159 334 5230 paruit
347 5158 384 5214 illi
398 5159 425 5213 in
443 5157 545 5213 somnis
558 5157 716 5228 coturnicum
726 5157 833 5228 juvenis
845 5169 872 5214 et
888 5158 983 5227 diguus
996 5159 1036 5215 in·

248 5248 319 5303 teudi
329 5291 337 5314 ,
349 5249 427 5319 eique
440 5246 506 5303 dixit
518 5265 525 5300 :
536 5247 654 5318 Sequere
668 5261 723 5303 me.
737 5246 821 5315 Quem
833 5248 896 5304 duur
910 5264 1035 5320 sequere·

249 5345 300 5404 tur,
312 5339 385 5394 uenit
395 5338 429 5393 ad
443 5336 583 5408 quamdam
601 5336 749 5403 civitatem,
766 5336 810 5392 ubt
824 5337 916 5394 audire
928 5339 1035 5408 eoeptta

248 5428 355 5485 dextera
361 5437 435 5501 parte
442 5428 692 5486 sonossuarirsimm
700 5429 1033 5497 cantilenae,ultrasolitam

250 5525 391 5588 nominique
411 5519 583 5586 stravitatem;
598 5527 662 5575 tunc
675 5518 719 5574 ibe
732 5518 834 5574 intento
850 5518 974 5591 quidnam
992 5535 1035 5575 es

249 5615 307 5674 set,
329 5607 368 5666 ait
387 5607 501 5680 hymnos
522 5623 583 5667 esse
604 5609 740 5667 bentomm
761 5618 839 5680 atque
859 5620 1031 5679 sauctorum:

850 245 1083 313 e.·.utttibsttttl
1100 242 1255 305 beufort

1078 356 1186 420 rittistra
1200 365 1288 413 antem
1302 365 1376 428 perte
1386 358 1450 428 quiri
1463 374 1493 417 sc
1504 359 1606 419 viditur
1617 360 1740 425 Νι,
1751 369 1882 420 munds

1078 448 1197 503 memini.
1212 448 1360 519 Evigilavit,
1374 459 1402 506 et
1414 453 1546 509 somniant
1558 452 1630 523 fugit
1639 455 1662 521 ¹,
1674 457 1882 528 uotumque&

1078 537 1124 592 illo
1137 548 1264 608 quantum
1277 539 1311 596 dc
1323 540 1428 596 coronio
1434 542 1567 613 cogitarit.

1114 630 1141 685 l.
1160 628 1217 684 Alia
1232 644 1296 688 vero
1315 640 1410 696 nocte,
1424 648 1486 689 ecce
1500 633 1569 690 idem
1586 635 1650 706 ipse
1665 635 1784 706 invenio
1795 636 1883 694 mdc·

1079 733 1171 775 rursus
1182 722 1320 789 apparuit,
1336 731 1416 792 atque
1432 723 1468 779 ab
1488 724 1536 781 illo
1553 733 1645 782 utrtrrn
1666 736 1883 796 cognosceretur

1079 809 1268 881 interrogavit:
1281 814 1417 882 respondit
1428 815 1479 871 iste
1492 814 1563 885 quod
1576 831 1641 873 eum
1656 816 1736 873 bene
1749 817 1884 888 plamae

1079 910 1260 971 cognosceret.
1272 901 1345 958 Turre
1356 902 1400 959 ille
1409 905 1529 975 quaesivit
1539 905 1583 962 obi
1596 921 1628 962 se
1638 916 1752 962 nosset.
1762 906 1822 964 fleo
1832 925 1885 963 rne-

1079 993 1171 1048 ororiae
1181 992 1336 1064 defnitquid
1347 995 1398 1052 iste
1408 996 1552 1053 identidem
1563 998 1770 1068 responderem
1786 1006 1884 1056 totum·

1079 1095 1132 1152 que
1147 1082 1231 1138 visum
1250 1083 1328 1151 illud,
1344 1084 1510 1158 hymnosque
1523 1097 1683 1145 sanctornm
1699 1090 1736 1146 ad
1749 1106 1824 1161 quos
1835 1108 1882 1148 an·

1081 1171 1192 1249 diendos
1205 1190 1238 1231 eo
1248 1174 1315 1231 duce
1329 1185 1448 1243 venerat,
1463 1193 1515 1249 qua
1528 1181 1740 1237 recentissimos
1755 1185 1883 1241 recorda·

1081 1262 1160 1319 batur
1187 1263 1311 1322 facilitate
1340 1268 1466 1323 narravit.
1494 1269 1543 1326 llic
1568 1271 1615 1327 ille
1636 1281 1825 1342 pereotrmttts
1845 1285 1885 1330 ert

1082 1361 1230 1409 utrumnam
1246 1355 1272 1410 id
1285 1357 1355 1426 quod
1368 1366 1532 1425 narraverat,
1545 1360 1694 1416 insomnis
1709 1362 1838 1428 vidisset.
1849 1379 1882 1420 an

1082 1446 1193 1518 vigilans
1206 1465 1214 1504 a
1225 1447 1370 1518 respoudit,
1385 1450 1411 1504 iu
1426 1450 1537 1507 somnis.
1551 1453 1585 1506 tlt
1600 1451 1656 1518 ille,
1674 1453 1773 1522 Bone,
1787 1454 1882 1525 iuquit,

1083 1539 1179 1596 recolis
1192 1557 1200 1594 ε
1212 1555 1305 1596 rerum
1321 1552 1378 1607 est,
1392 1541 1535 1599 insomnis
1548 1543 1591 1600 illa
1605 1545 1719 1612 uidisti:
1733 1547 1787 1603 sed
1805 1548 1886 1604 etiant

1083 1645 1153 1686 nune
1162 1631 1190 1684 in
1199 1632 1300 1687 senatus
1310 1640 1336 1688 te
1348 1633 1437 1689 videre
1445 1633 1524 1689 seins·
1536 1633 1599 1690 llaec
1608 1650 1672 1692 cum
1680 1637 1811 1693 nutrisset
1824 1639 1882 1705 iste,

1084 1721 1120 1776 ita
1134 1722 1329 1789 cssecredidir,
1343 1733 1422 1794 atquc
1434 1724 1460 1780 id
1473 1725 1647 1795 responsione
1659 1725 1797 1783 brmaric
1809 1729 1883 1785 frenc

1083 1812 1127 1882 qui
1146 1811 1281 1868 homiuem
1301 1812 1428 1882 docebat,
1447 1814 1543 1884 adiecit
1556 1816 1651 1871 etatit:
1671 1816 1725 1874 [lbi
1744 1828 1793 1876 est
1805 1819 1885 1875 orado

1084 1916 1182 1971 corpus
1191 1911 1264 1958 tuum
1273 1904 1285 1957 i
1295 1902 1485 1975 lllerespondit
1495 1922 1501 1959 :
1513 1904 1542 1960 ln
1551 1907 1679 1963 cubiculo
1688 1924 1766 1966 meo.
1776 1911 1884 1978 Scisue,

1084 1990 1168 2062 inquit
1182 1992 1240 2059 ille,
1259 1993 1286 2047 in
1305 1992 1399 2049 codem
1413 1995 1570 2065 corpusculo
1581 2011 1654 2054 nnnc
1668 1998 1795 2070 illigatos
1807 2016 1883 2067 esse,

1084 2090 1112 2138 et
1125 2083 1238 2150 clausos,
1253 2094 1280 2141 ct
1294 2084 1394 2141 otiosos
1404 2086 1495 2141 oeulos
1508 2098 1577 2151 tuos,
1592 2088 1716 2161 nihilque
1729 2093 1787 2147 illis
1801 2096 1884 2151 octub

1085 2182 1112 2230 te
1123 2175 1231 2230 uidere?
1243 2174 1405 2245 Respondit:
1416 2175 1487 2232 Scin.
1500 2177 1574 2233 Tunc
1586 2178 1647 2234 ille:
1658 2179 1715 2246 eri
1727 2191 1796 2237 suut
1809 2198 1882 2255 crgo,

1085 2267 1184 2336 iuquit,
1204 2267 1248 2322 isti
1262 2268 1332 2324 oculi
1354 2268 1448 2339 quibus
1463 2284 1505 2324 me
1524 2269 1620 2326 ridcsl
1633 2271 1677 2327 td
1692 2273 1746 2330 boc
1761 2275 1817 2331 iste
1831 2292 1884 2332 non

1086 2357 1223 2413 inveniens
1235 2357 1297 2427 quid
1310 2356 1500 2428 responderet,
1520 2359 1641 2418 obticuit.
1654 2362 1709 2419 Cui
1723 2365 1881 2436 haesitanti,

1085 2446 1130 2502 ille
1152 2446 1223 2518 qnod
1242 2447 1284 2503 bis
1304 2447 1554 2519 interrogationibus
1575 2449 1677 2508 docere
1700 2453 1881 2522 moliebatur,

1085 2539 1204 2609 aperuit3
1218 2546 1245 2594 et
1259 2539 1402 2595 continuo:
1416 2539 1505 2608 Sicut,
1527 2540 1630 2612 iuquit,
1651 2542 1692 2599 illi
1704 2547 1781 2602 ocvrli
1795 2549 1881 2604 caruis

1086 2635 1138 2684 tuae
1151 2629 1241 2699 utique
1254 2630 1280 2684 iu
1292 2629 1441 2687 dormiente
1450 2630 1564 2701 atqoein
1572 2632 1802 2704 lectulojaccute,
1812 2654 1881 2695 onoc

1087 2727 1190 2783 vacant,
1206 2733 1255 2774 uec
1267 2719 1364 2790 aliquid
1378 2732 1531 2790 operantur,
1542 2731 1570 2778 ct
1583 2731 1671 2780 temen
1687 2735 1752 2782 surtt
1763 2728 1811 2785 isti
1823 2731 1880 2800 qai·

1085 2808 1136 2865 bus
1148 2825 1192 2867 me
1206 2812 1332 2877 intueris,
1350 2821 1377 2868 ct
1397 2813 1446 2868 ista
1465 2815 1547 2871 uteris
1567 2815 1685 2884 visione3
1706 2818 1820 2878 itncnru
1833 2821 1879 2877 de·

1087 2897 1192 2955 functus
1206 2900 1308 2969 fueris,
1324 2901 1389 2956 uihil
1402 2903 1539 2974 agentibus
1552 2907 1637 2963 oculis
1648 2909 1743 2966 carnis
1756 2918 1813 2967 tuae
1826 2912 1878 2968 vita

1088 2989 1133 3046 tibi
1154 2991 1233 3047 inerit
1254 3008 1304 3063 qua
1327 2992 1417 3060 vivas,
1441 3008 1587 3066 sensusque
1604 3011 1658 3068 qno
1674 2999 1791 3056 sentias.
1810 2999 1880 3060 cavo

1084 3079 1139 3149 iam
1156 3080 1282 3152 deinceps
1296 3097 1330 3138 ue
1343 3082 1448 3139 dubites
1460 3084 1540 3141 vitant
1552 3100 1661 3142 marrere
1673 3096 1736 3156 post
1749 3099 1875 3147 nrortcnr.

1088 3170 1124 3225 lta
1145 3170 1196 3227 sibi
1215 3173 1294 3229 bonta
1314 3174 1398 3230 fidelis
1416 3174 1533 3231 ablatam
1552 3175 1618 3231 dicit
1636 3176 1717 3246 huius
1737 3179 1778 3235 rei
1799 3180 1880 3237 dubl*

1088 3264 1214 3318 tationem
1231 3282 1238 3318 :
1253 3280 1306 3336 quo
1322 3264 1453 3334 ducente,
1476 3266 1527 3322 uisi
1547 3266 1715 3338 providentia
1729 3279 1757 3325 et
1770 3272 1876 3327 miseri·

1087 3354 1176 3409 cordia
1191 3355 1261 3411 brit

1122 3447 1148 3502 5.
1169 3445 1220 3500 lsta
1235 3446 1386 3502 narratione
1398 3446 1494 3503 dixerit
1506 3447 1601 3518 aliquis
1616 3458 1697 3506 tautae
1710 3452 1749 3508 rei
1763 3469 1814 3510 nos
1824 3469 1876 3510 uon

1087 3537 1214 3605 solvisse,
1236 3539 1284 3594 sed
1305 3538 1421 3594 vinxisse
1441 3540 1452 3573 ¹
1474 3541 1658 3610 quaestionem.
1683 3541 1876 3601 Vumrurauten

1087 3643 1147 3685 cum
1161 3628 1204 3684 his
1217 3628 1304 3685 uerbis
1325 3630 1452 3697 credere,
1477 3632 1518 3687 vel
1540 3647 1592 3687 uon
1613 3633 1738 3701 eredere,
1761 3636 1875 3693 liberum

1087 3722 1183 3792 cuique
1196 3721 1247 3789 sit;
1262 3722 1378 3794 seipsum
1391 3723 1501 3794 quisquc
1515 3723 1606 3792 habet,
1620 3740 1673 3795 qua
1685 3741 1717 3782 se
1733 3737 1830 3785 avocet
1840 3728 1875 3784 ad

1088 3812 1319 3883 profundissimam
1331 3813 1515 3885 quaestionem.
1527 3814 1561 3871 m
1569 3816 1660 3887 vigilat
1670 3817 1760 3883 homo,
1773 3827 1802 3874 et
1812 3819 1878 3875 dor·

1088 3905 1137 3959 mit
1150 3903 1230 3962 bomo
1244 3904 1369 3977 quotidie,
1383 3915 1411 3962 et
1422 3909 1520 3977 cogitat
1532 3906 1612 3964 borno
1625 3926 1632 3963 ι
1645 3908 1716 3965 dicat
1730 3909 1802 3965 uude
1813 3910 1875 3966 hant

1089 3993 1138 4050 ista
1153 3996 1248 4051 similia
1261 3996 1362 4063 forruis,
1377 3997 1472 4052 similia
1488 3996 1668 4068 qualitatibus,
1681 3998 1779 4054 similia
1794 4001 1875 4056 moti-

1088 4087 1138 4144 bus
1152 4101 1303 4160 corporum,
1321 4102 1371 4143 nec
1384 4097 1471 4144 tamen
1483 4088 1593 4144 mamrie
1606 4087 1757 4160 corporali3
1773 4090 1844 4146 dicat
1853 4091 1879 4147 si

1090 4187 1186 4248 potest.
1207 4176 1235 4233 Si
1261 4188 1348 4234 autem
1374 4192 1427 4233 non
1450 4188 1545 4249 potest,
1561 4178 1623 4249 quid
1636 4195 1666 4234 so
1680 4180 1831 4250 precipitat
1842 4181 1877 4237 ds

1089 4267 1231 4322 rarissimis
1244 4276 1289 4322 aut
1302 4267 1445 4338 inexpertis
1457 4268 1533 4339 quasi
1546 4267 1679 4324 definitam
1690 4267 1760 4326 ferre
1768 4279 1876 4327 senten·

1090 4359 1171 4424 tiam,
1187 4374 1248 4414 curu
1261 4357 1385 4414 contiuua
1405 4366 1433 4413 ct
1452 4358 1603 4430 quotidiana
1624 4373 1677 4415 uon
1691 4360 1800 4416 solvatl
1820 4361 1878 4432 ligo

1089 4458 1194 4516 autem,
1217 4449 1338 4519 quamvis
1352 4463 1404 4519 quo
1419 4449 1498 4505 modo
1510 4447 1574 4505 flant
1589 4450 1638 4506 ista
1651 4450 1734 4507 veluti
1746 4467 1876 4522 corporea

1089 4542 1146 4598 siue
1159 4556 1291 4611 corpure,
1309 4541 1399 4597 verbis
1421 4557 1529 4612 pmrsus
1543 4543 1676 4613 explicare
1688 4559 1741 4600 non
1756 4546 1875 4615 possiam

1090 4646 1177 4691 tarueu
1192 4635 1259 4689 sicut
1272 4634 1328 4690 scio
1342 4649 1395 4689 non
1409 4649 1441 4690 ca
1451 4648 1562 4704 corpore
1575 4633 1643 4701 heri,
1659 4635 1760 4690 rttiuanr
1772 4636 1814 4693 sic
1824 4639 1877 4693 sci·

1089 4740 1145 4781 rem
1155 4739 1208 4795 quo
1218 4724 1297 4780 modo
1306 4724 1520 4781 discernerentur
1533 4741 1591 4795 qum
1600 4724 1725 4780 uidentur
1734 4726 1877 4797 aliquando

1088 4832 1137 4887 per
1155 4816 1294 4888 spiritum,
1316 4826 1342 4871 ct
1366 4831 1413 4886 per
1431 4831 1527 4887 corpus
1540 4810 1622 4871 videri
1636 4824 1779 4886 putantur;
1790 4832 1880 4889 qttovc

1088 4907 1168 4962 ruodo
1182 4906 1375 4977 distinguantur
1388 4907 1444 4961 uisa
1455 4921 1547 4962 eorurn
1559 4920 1626 4976 quos
1639 4921 1716 4962 error
1727 4906 1771 4964 rel
1783 4908 1879 4979 impie·

1090 5007 1130 5055 tas
1144 4999 1300 5070 plerumque
1317 4998 1434 5066 deludit,
1458 4998 1564 5070 quando
1586 4999 1650 5054 uisis
1672 4999 1776 5071 piorum
1796 5011 1878 5073 atque

1088 5098 1240 5146 muctomm
1252 5088 1347 5144 similia
1359 5088 1484 5159 pleraque
1496 5090 1652 5145 narranturl
1665 5104 1879 5159 quommcxem·

1089 5182 1131 5252 pia
1144 5181 1166 5237 si
1179 5194 1390 5236 commemomre
1404 5181 1562 5248 voluissem,
1585 5189 1689 5252 tempus
1702 5181 1768 5237 mibi
1789 5184 1879 5253 potins

1088 5289 1167 5345 qnam
1180 5275 1255 5345 eopia
1267 5272 1403 5331 defuisset.
1418 5270 1447 5328 lu
1459 5273 1562 5328 bourini
1575 5272 1879 5348 misericordialregete-

1120 5496 1128 5527 ¹
1146 5503 1170 5568 ru
1189 5501 1242 5546 ttss.
1262 5509 1338 5560 prope
1349 5496 1468 5557 omnihus,
1480 5504 1502 5548 et
1513 5496 1627 5547 wamiam
1638 5501 1664 5547 ut
1676 5494 1737 5557 mih·
1749 5495 1815 5550 forte
1834 5510 1881 5553 cro

1121 5621 1131 5651 ¹
1148 5593 1212 5683 fuld,
1226 5618 1330 5673 ausimo.
1346 5628 1371 5671 at
1382 5620 1407 5671 in
1419 5627 1472 5672 tiss.
1484 5619 1590 5673 molieris
1599 5623 1669 5683 rura,
1683 5619 1798 5675 cbrcitu.
