3906 6390
150 288 203 348 tsi

152 405 267 470 cupimus
281 399 365 453 eadem
381 395 450 450 nobis
470 394 551 466 aratia
566 393 662 462 penitus
680 398 818 443 annectere.
839 384 931 443 Poeteli

153 498 235 543 tamen
246 498 267 542 et
279 487 403 553 adipsum
414 486 555 554 loquamur,
566 499 596 535 ne
609 490 678 551 crepet
688 480 735 534 sibi
742 479 859 545 scriptum
866 474 932 544 arcad

120 640 124 647 Ι
154 581 186 632 de
198 594 224 632 se
236 577 279 630 tibi
292 577 412 637 scriptum
428 583 473 628 est.
487 571 611 626 AEsclsino
621 572 685 624 enim
696 569 797 632 dicitur,
810 566 875 636 quod
887 580 932 617 au·

154 669 192 721 dit
206 665 289 720 ilitio.
310 664 362 720 Sed
374 666 435 736 quid
452 667 483 717 de
497 664 586 717 allectis
604 663 703 729 loquar,
722 676 778 713 cum
791 660 822 711 de
832 656 933 727 proprio

153 766 242 811 cuneta
254 758 388 827 parcimus,
401 767 423 809 ct
435 757 517 809 alieno
527 755 596 825 loqui
614 771 663 807 stou
676 756 752 807 soleat
766 767 817 805 esse
827 749 882 804 sani
892 764 934 801 ca·

154 850 233 920 pitis?
245 866 293 918 quo
304 847 350 902 Dei
363 849 445 919 peritia
455 864 517 901 rano
530 857 551 901 et
565 847 633 900 saluo
643 861 739 908 sumus,
758 842 935 912 catascopus

155 947 191 993 est
200 937 324 994 Christus.
338 936 493 991 incolumem
507 945 530 990 tc
543 946 617 990 estole
627 933 823 1005 cprrurrsplarinsa,
837 940 860 984 ct
877 930 935 984 beo·

156 1041 210 1082 tum
226 1045 322 1098 semper
334 1044 389 1081 cum
403 1036 454 1080 tota
467 1027 541 1080 dosrro
553 1035 606 1088 tua,
620 1032 647 1077 ut
660 1022 783 1089 cupimus,
801 1019 936 1073 babeamus

157 1117 184 1171 irs
198 1116 306 1177 Christo,
321 1116 420 1170 dorrsine
432 1117 519 1186 scater,
533 1115 619 1168 merito
630 1111 846 1167 lseuoraudierirne
854 1117 876 1163 et
891 1108 936 1160 de·

156 1205 360 1261 siderumissime.

193 1296 220 1350 l.
234 1293 301 1348 Audi
315 1311 383 1365 erpo,
399 1294 448 1364 fili,
464 1294 541 1367 lepem
556 1291 633 1363 palcis
645 1292 691 1356 tui,
708 1289 735 1343 id
746 1298 781 1344 est
792 1288 870 1358 fidem
881 1287 936 1339 Aa·

160 1384 263 1454 partini,
278 1394 302 1438 ct
318 1384 370 1438 noli
383 1382 501 1456 repellere
510 1382 615 1436 cornilio
628 1381 713 1434 matris
727 1389 786 1444 luae,
797 1376 938 1445 quadorum

159 1490 247 1527 nomen
263 1475 290 1528 in
303 1474 467 1544 tedupastini
484 1474 563 1543 pietas
575 1472 636 1543 juce
654 1472 700 1525 sibi
720 1470 837 1536 uindicat,
854 1468 897 1533 oui
915 1475 939 1520 te

159 1564 283 1617 tantillam
295 1566 397 1635 pertarit
409 1566 465 1619 sinu
478 1581 534 1629 ruo,
547 1575 571 1618 et
583 1581 599 1616 a
609 1564 718 1633 paruulis
727 1562 807 1632 primo
821 1561 883 1614 lacte
894 1574 938 1613 so·

161 1652 261 1720 pientiae
272 1653 390 1706 secularis
404 1653 535 1718 inclutum,
548 1669 613 1706 stunc
629 1653 702 1706 etiam
714 1649 884 1721 spiritualibus
897 1648 937 1702 tu-

159 1749 229 1794 etare
248 1749 271 1794 et
292 1742 399 1795 enutrire
419 1742 527 1796 Douss'no
544 1745 615 1813 pectit
635 1743 758 1795 ulceribus.
780 1740 903 1806 Quoniam
916 1748 940 1792 te

160 1828 273 1883 adultum
286 1839 359 1885 aetate
371 1846 500 1902 corporea,
516 1831 541 1885 iu
555 1831 726 1902 spiritualibus
738 1831 820 1884 adlecta
833 1829 940 1883 arnoltu-

159 1918 191 1974 lis
204 1919 349 1990 rapientem,
365 1920 430 1974 sidet
450 1921 533 1975 adbuc
550 1922 671 1994 inputem
685 1920 758 1973 eecbo
771 1918 827 1982 Dei,
837 1919 939 1972 cicdcuu

159 2009 185 2063 in
199 2008 298 2065 (ilaristo
310 2011 397 2081 prioris
407 2013 520 2083 passibus
529 2022 552 2066 et
562 2012 662 2082 oestiplo
670 2011 791 2081 titubante
803 2019 938 2080 cepeutesu,

158 2098 273 2153 sitarmn
290 2098 423 2170 duamtirri
444 2099 557 2154 doctrina
576 2111 695 2169 tanquam
708 2115 797 2152 uranus
815 2100 901 2152 curatus
917 2108 941 2152 et

157 2191 219 2243 scissa
232 2190 336 2245 uictricis
345 2190 484 2245 instabilem
495 2199 564 2262 repat
574 2191 717 2261 paruulum.
731 2189 809 2257 Quem
819 2190 840 2244 ri
851 2188 941 2242 audias

158 2289 181 2333 et
194 2280 314 2352 sequaris,
331 2290 359 2335 ut
377 2298 477 2337 rursum
492 2291 515 2335 te
525 2298 640 2336 scemam
656 2280 801 2337 Salousonis
818 2280 938 2343 alliciam,

160 2370 353 2436 illicerentur
365 2373 478 2442 accipies
485 2373 626 2443 proliacum
636 2383 681 2428 tuo
694 2374 784 2428 uertici
798 2370 807 2438 l
811 2372 886 2426 Pras.
900 2386 940 2436 rr,

159 2460 199 2530 e).
215 2460 248 2513 Et
260 2471 318 2514 tum
330 2478 385 2516 rece
393 2464 441 2517 ecis
455 2464 551 2517 illeuou
560 2464 731 2532 plsuntusnsate
739 2464 887 2527 corripiatur,
896 2462 941 2516 red

160 2549 191 2608 ab
203 2550 257 2620 ipsu
272 2552 373 2604 cecitate
381 2554 596 2623 [armatuscournl
609 2562 631 2608 et
646 2556 768 2624 pontifex,
779 2553 941 2607 cucurrimu-

160 2638 229 2709 pines
238 2640 298 2709 salsi
304 2641 386 2709 operis
399 2641 515 2711 insplcute
524 2641 622 2696 Claristo
633 2644 720 2696 solidis
728 2659 781 2698 suar
790 2642 940 2712 operationis

160 2727 296 2794 effectibus.
315 2729 377 2786 Vere
396 2733 462 2786 euim
481 2733 593 2801 pontifex
606 2742 629 2786 et
643 2749 697 2786 occe
716 2732 813 2797 corcsnl,
832 2732 938 2793 Licenti,

160 2817 254 2885 eris,ri
272 2819 403 2889 depactissi
417 2822 524 2893 cestipiis
540 2822 691 2891 propheticis
703 2832 726 2876 ct
739 2823 882 2892 apostolicis
898 2821 939 2877 di·

159 2906 282 2977 scipliuis,
294 2918 424 2963 ntsacroto
436 2909 520 2964 beatus
532 2910 640 2965 Elisceus
649 2910 723 2975 lilim,
738 2921 764 2965 ut
778 2911 870 2966 illustri
877 2912 941 2980 Apo

160 2994 225 3050 stolo
240 2995 383 3052 Timotheus
392 2997 543 3063 adolescens,
556 3000 699 3061 adicerem,
712 3001 835 3057 indivulso
847 3017 890 3070 per
900 3003 941 3055 iti-

162 3100 222 3138 sseco
234 3084 318 3138 discissa
338 3088 467 3151 corcsitatu,
483 3098 509 3141 ιιι
523 3098 546 3141 et
564 3090 728 3144 sacerdotium
746 3090 820 3143 corde
833 3095 941 3160 perelecta

161 3174 244 3229 discas
257 3177 354 3245 essancti,
368 3187 391 3230 et
399 3178 498 3248 populis
517 3178 663 3232 adsalutem
678 3180 795 3250 serapium
805 3198 846 3234 are
856 3196 943 3236 cerasa·

162 3264 222 3322 lere.

197 3357 224 3412 5.
239 3357 286 3413 Sat
296 3358 342 3412 lroc
354 3359 453 3413 uronitis
464 3370 487 3413 et
497 3359 607 3414 lsoctutui
620 3375 630 3414 .·
644 3359 740 3414 modico
752 3361 817 3414 enim
830 3377 944 3416 sermons

162 3458 186 3503 et
198 3447 313 3503 laborate
321 3449 437 3517 arbitror,
452 3451 487 3504 mi
499 3449 605 3516 Licenti,
615 3451 649 3505 od
658 3451 783 3505 Cinctum
796 3469 867 3522 posse.
876 3453 941 3507 inci·

162 3540 220 3604 laci,
228 3542 310 3609 james
322 3542 404 3609 pueris
420 3540 453 3593 ael
464 3541 548 3594 studia
564 3542 672 3594 veritalis
689 3553 712 3595 et
723 3543 862 3612 cupientia,
876 3543 943 3613 quoa

162 3640 294 3700 utcasusque
304 3644 359 3683 rece
370 3642 406 3683 est
425 3628 582 3690 curisteum
598 3632 678 3686 onmis
692 3631 750 3685 bassi
761 3649 887 3687 sunrnsum
900 3633 944 3687 lto-

162 3732 222 3770 csucn
230 3717 373 3771 uenerabilis
387 3717 521 3788 dupustiui
532 3720 621 3789 spiritu
632 3730 655 3775 et
664 3737 707 3774 ore
715 3723 881 3791 piamucatum.
894 3723 944 3788 Qui

164 3804 185 3858 si
200 3820 289 3873 parurn
302 3807 370 3874 apud
384 3814 407 3859 te
418 3822 464 3875 pro
475 3808 590 3871 teraluit‚
603 3808 663 3879 qnid
675 3826 719 3881 epo
731 3819 800 3865 tasrto
812 3812 943 3868 interuallo

165 3892 295 3961 posterior,
308 3900 331 3946 et
343 3894 452 3948 onmium
471 3895 540 3949 illius
554 3913 628 3966 opum
636 3914 742 3969 pauper,
757 3900 879 3972 efficians?
891 3902 944 3959 sea

165 3978 225 4045 auio
235 3979 334 4036 etillias
343 3982 470 4054 [acuitatis
476 3985 595 4055 potentia,
606 3996 630 4040 et
642 3989 678 4040 tui
687 3989 781 4062 inperii
790 3991 945 4049 bumauuote

164 4069 283 4136 corsfisas,
302 4070 416 4140 plessiaco
433 4082 507 4145 atque
527 4075 625 4146 majora
643 4078 670 4131 in
687 4088 710 4132 te
729 4096 803 4147 spero
817 4081 944 4138 elaborata

163 4173 237 4225 quum
249 4158 410 4227 elaboranda,
423 4178 501 4217 ausus
510 4164 666 4220 sumlsisccce
675 4167 771 4238 duplici
780 4172 872 4241 pratia,
884 4183 911 4226 ιιι
920 4183 944 4228 ιι

164 4245 203 4300 illi
214 4247 266 4301 ciro
277 4248 360 4302 debita
369 4249 490 4305 claritate
498 4269 656 4323 compararer
667 4256 675 4288 ¹
687 4256 713 4310 in
721 4258 886 4314 sollicitudine
895 4265 942 4329 toi,

165 4348 189 4389 et
204 4338 269 4392 iuter
288 4356 329 4393 cor
346 4342 389 4409 qui
404 4342 508 4396 urlrrtesu
529 4354 597 4398 trram
617 4347 789 4418 diripuere
807 4362 943 4408 coestcstuto

164 4439 308 4480 nunsccacec
320 4427 421 4494 affectu.
436 4430 504 4483 Nam
515 4430 630 4498 effectus¹
639 4436 664 4488 in
676 4438 713 4489 tui
725 4441 876 4510 perfectione
888 4444 944 4509 pal-

164 4530 232 4569 mam
251 4517 390 4587 departitio
414 4521 568 4588 potissimum
592 4523 738 4578 destituamur
756 4530 818 4582 scio.
837 4529 943 4598 Vereor,

163 4600 213 4672 fill,
226 4620 257 4657 ue
268 4620 341 4658 ancer
354 4616 408 4658 tuas
419 4612 551 4676 asperitate
562 4614 686 4666 temerarii
699 4618 818 4671 aerumnis
833 4617 945 4682 offerrde·

164 4692 223 4758 cius,
235 4703 258 4746 et
277 4710 321 4766 pec
334 4712 407 4751 aures
419 4697 502 4751 utrisne
514 4701 589 4753 etiarn
603 4710 645 4754 tuo
658 4705 725 4757 reali
736 4708 785 4759 nsci
800 4708 890 4764 ecclesus
906 4711 945 4765 iu-

165 4781 274 4836 tulerint.
290 4783 343 4839 sea
356 4783 383 4839 iu
395 4796 499 4841 ruentem
512 4789 578 4842 verrit
591 4790 694 4863 epistola
705 4802 757 4859 tuo,
771 4807 857 4867 quale
870 4802 945 4855 ιιιιιιὶ·

163 4871 199 4926 cis
208 4874 358 4945 [auriliacum
371 4875 450 4929 essedis
464 4876 574 4932 isstcllcei
588 4878 628 4949 (a)
642 4896 734 4954 :aqrro
744 4886 828 4941 studio
841 4906 886 4962 eqo
898 4894 944 4946 croi

163 4961 508 5028 quondamtus'uonublrurcui
527 4965 944 5044 itaquenu'lriudtuousmersurum·

162 5050 944 5129 inaliquoesrrlcccucsem,deliuieudanrrrrssecliusrr‚litterartans

162 5140 304 5193 recordatus
316 5143 407 5211 reperi,
418 5153 444 5195 ut
455 5143 518 5196 lead
530 5145 666 5200 Dorsrinuns
673 5151 812 5208 lsarumuiae
821 5159 943 5227 omnifor-

164 5228 348 5297 suisacts‘tlcem,
363 5231 531 5289 cssoelulamiue
540 5236 658 5289 cmusinis
671 5254 807 5320 euocareru.
818 5246 907 5310 ercesu
920 5261 943 5300 te

194 5401 202 5430 1
471 5410 476 5417 .
914 5424 919 5435 .

162 5400 768 5591 αἱὲιὲᾒιΐᾚὲῗῗὲἔῷιωᾶὠᾞ
779 5428 842 5482 oete,
856 5422 886 5474 de
897 5432 943 5475 tcta

191 5578 228 5651 (a)
238 5588 336 5649 musea
346 5591 441 5639 {acerui
453 5596 590 5645 muteurum
605 5598 674 5663 epist.
688 5596 729 5658 te,

757 276 784 331 S.
804 269 985 331 eddessen
999 266 1146 325 uutscoel

1719 268 1777 327 {28

986 389 1012 431 at
1022 394 1085 432 oure
1096 379 1202 439 aratur,
1214 364 1291 447 saeuae
1304 394 1409 433 eausam
1419 380 1506 434 salutis
1518 389 1568 433 tuoe
1578 381 1605 435 in
1619 380 1700 435 serbis
1709 384 1774 436 meis

984 486 1090 538 spernas
1101 485 1110 532 ,·
1122 470 1166 523 sed
1182 469 1250 537 piam
1262 485 1348 521 aucerre
1359 477 1381 523 ct
1395 480 1500 523 urentem
1510 480 1640 540 paternam
1651 472 1728 525 etiam
1742 474 1772 526 irs

986 558 1151 626 despiciendis
1163 559 1316 613 sermonibus
1322 558 1425 613 libenter
1434 559 1553 629 occipias,
1566 558 1655 629 auibus
1666 561 1773 615 insitum

986 647 1077 700 Cisristi
1085 664 1182 714 ciascun,
1193 648 1259 717 quod
1271 658 1306 702 ert
1316 664 1394 717 supra
1406 664 1479 702 ossrne
1490 664 1590 713 uomere,
1605 648 1671 702 lanc
1685 650 1776 722 deleri·

985 738 1165 791 concenationem
1183 737 1253 805 fulcit,
1268 745 1294 789 ut
1309 753 1359 790 non
1378 737 1487 805 possita
1503 736 1616 790 ccedesrte
1634 738 1768 791 concursui

1112 860 1207 898 ΕΔΜ
1222 860 1350 899 munem!
1365 860 1456 896 esuum
1471 861 1502 894 sb
1517 860 1649 919 ucqtmms.

1016 941 1093 992 Quare
1105 945 1161 995 nge,
1175 946 1228 982 rum
1276 945 1363 991 nieme,
1378 940 1402 981 el
1417 928 1494 981 rinele
1508 932 1601 980 tenacia
1614 931 1690 983 seeli:

1049 1002 1095 1042 see
1108 1001 1203 1041 metues
1217 1007 1246 1055 p·
1269 992 1300 1041 idi
1312 994 1372 1042 ruite
1382 994 1468 1063 jugum
1481 993 1582 1047 nomini.

1018 1051 1116 1101 rumare
1126 1054 1232 1114 quidem,
1243 1052 1289 1101 sed
1302 1054 1363 1103 mire
1372 1064 1440 1114 regua
1452 1054 1580 1123 ιιιαιιιιιι
1589 1064 1675 1103 rernm

1049 1114 1174 1169 ueulibus,
1182 1119 1207 1161 et
1220 1113 1317 1174 sepiens
1329 1125 1377 1161 uon
1391 1119 1473 1175 stupet
1486 1113 1530 1161 ists
1540 1124 1643 1161 anemius.

1018 1178 1118 1220 berete
1131 1172 1242 1222 sollicitet
1255 1173 1326 1221 ruriis
1339 1169 1477 1221 malesuadi
1488 1171 1580 1234 ugare,

1050 1232 1116 1281 ιιιιιι
1132 1230 1222 1289 relidee
1232 1233 1305 1282 etiam
1318 1241 1418 1282 vertere
1429 1239 1499 1281 besue
1513 1238 1617 1293 puteus3

1018 1290 1065 1339 sed
1078 1292 1131 1350 libi,
1145 1299 1216 1350 uate,
1230 1305 1323 1354 pronon,
1337 1305 1434 1354 semper
1447 1300 1516 1354 pates
1529 1293 1675 1357 sugendam

1048 1352 1359 1409 (emmeramensem
1375 1352 1405 1400 ad
1417 1350 1553 1408 illecebras,

1019 1408 1086 1458 silum
1099 1417 1166 1459 uuis
1178 1412 1242 1461 iuter
1255 1412 1347 1473 linguis
1357 1411 1492 1461 discrimine
1503 1412 1560 1462 vitm

1050 1470 1180 1532 aspicieus,
1195 1478 1222 1521 et
1232 1472 1325 1521 babeas
1336 1479 1443 1543 pectore,
1455 1478 1522 1521 lalus
1534 1472 1592 1522 eris.

1019 1536 1067 1579 uec
1078 1537 1158 1578 remea
1172 1538 1198 1581 es
1208 1537 1325 1593 repetens
1337 1541 1473 1603 aeuumque
1484 1533 1622 1596 iterumque
1635 1533 1753 1594 monebo,

1051 1596 1078 1638 υι
1091 1588 1171 1652 lugius
1181 1591 1249 1641 durae
1263 1590 1354 1641 luiuies
1367 1592 1468 1642 nulline.

1021 1648 1134 1698 blandum
1147 1663 1236 1701 nocueu
1249 1651 1332 1712 leones,
1350 1652 1412 1701 mab
1425 1654 1542 1712 semitas,
1556 1653 1639 1702 exitus
1649 1665 1721 1716 aegos·

1051 1717 1126 1767 Quem
1139 1723 1202 1761 naue
1216 1708 1280 1761 velle
1287 1713 1370 1774 jurat,
1384 1725 1440 1762 mox
1452 1712 1557 1763 soluisse
1612 1718 1647 1762 et.

1020 1769 1139 1819 sescsdere
1151 1769 1217 1821 eelss
1227 1773 1303 1831 iurat,
1318 1780 1408 1822 tremor
1422 1780 1461 1823 ess
1470 1773 1544 1822 desae
1576 1784 1621 1823 ere
1631 1769 1723 1823 eelsis:

1051 1829 1073 1877 si
1087 1829 1293 1940 litubffiununa
1307 1833 1377 1894 pe'us
1389 1833 1421 1881 ab
1433 1845 1490 1883 eree
1503 1833 1584 1882 oddae.

1021 1894 1086 1937 neue
1098 1890 1143 1939 tibl
1227 1890 1322 1953 placent
1398 1925 1406 1950 ‚
1420 1905 1483 1943 nune
1500 1893 1561 1963 rspit
1571 1892 1683 1943 omnium
1697 1893 1765 1942 suris

1052 1950 1167 2011 susbitus,
1182 1957 1208 2000 et
1221 1952 1300 2001 uitreo
1312 1951 1361 2002 lert
1372 1964 1430 2002 erra
1443 1956 1504 2002 lum
1516 1964 1580 2003 sunu.

1022 2014 1063 2058 nst
1074 2010 1114 2058 ubi
1125 2016 1152 2059 te
1161 2023 1249 2074 unguo
1259 2011 1344 2061 decimo
1356 2014 1502 2063 sueeiuxerlt
1516 2013 1614 2075 empto¹

1053 2069 1173 2130 baltheus,
1185 2078 1211 2121 et
1221 2072 1312 2121 sterilis
1321 2071 1424 2135 fregerit
1434 2073 1490 2123 inde
1500 2070 1576 2133 labor,

1021 2135 1094 2178 serus
1104 2135 1131 2179 es
1140 2131 1258 2181 inessmm
1270 2144 1329 2194 spes
1340 2134 1463 2184 eumenius
1475 2133 1569 2193 imum,

1052 2195 1079 2238 Et
1089 2190 1158 2239 modo
1186 2204 1224 2240 um
1238 2193 1323 2253 uectis,
1337 2206 1451 2255 muspere
1464 2190 1542 2243 vinela
1555 2190 1638 2245 seles:

1022 2256 1087 2299 Tune
1097 2251 1158 2299 remi
1184 2253 1260 2300 seeris
1273 2251 1360 2302 trusus
1374 2255 1448 2315 patris
1458 2254 1583 2315 capucini

1052 2315 1157 2372 contemp
1164 2312 1226 2361 sisse
1239 2310 1325 2362 dolens
1337 2312 1454 2363 recidieos
1464 2315 1576 2365 momtm.

1022 2376 1099 2427 Quare
1110 2371 1131 2419 si
1145 2372 1250 2433 sepiens,
1263 2379 1289 2421 et
1300 2373 1323 2422 sl
1333 2374 1387 2435 pius
1398 2386 1426 2421 es
1439 2386 1509 2445 puer,
1520 2374 1585 2434 audi,

1054 2435 1079 2477 ιιι
1089 2443 1149 2492 eepe
1163 2433 1237 2480 rerba
1250 2438 1353 2493 patruus,
1364 2433 1537 2497 eousiirunsque
1547 2446 1643 2483 senum.

1022 2490 1080 2548 Quid
1093 2491 1198 2540 rcumlris
1208 2490 1259 2540 lem
1271 2492 1416 2556 eollejugo?
1427 2506 1481 2543 mee
1491 2495 1583 2544 sareias
1596 2493 1669 2552 leuis.

1054 2557 1130 2599 suere
1141 2551 1226 2660 jupam
1239 2552 1323 2602 christi
1335 2561 1382 2613 esi,
1398 2567 1444 2603 rex
1456 2554 1502 2616 pia,
1516 2553 1591 2604 merle
1603 2560 1669 2603 beo:

1023 2615 1050 2657 Et
1060 2619 1130 2672 eaput
1141 2613 1170 2660 ed
1187 2625 1202 2661 e
1213 2613 1288 2674 jugis,
1301 2613 1332 2661 de
1345 2612 1456 2663 mollibus
1466 2626 1507 2663 era
1518 2614 1635 2676 recreeris,

1053 2675 1112 2719 bem
1129 2685 1133 2693 ·
1189 2684 1222 2721 ue
1232 2671 1282 2721 leri
1292 2673 1370 2723 subde
1380 2674 1495 2723 humeros
1503 2675 1581 2723 oneri.

1023 2737 1088 2779 dune
1099 2737 1169 2792 potes
1196 2745 1233 2791 oe,
1245 2732 1302 2781 dum
1313 2731 1376 2783 liber
1386 2735 1451 2797 agis,
1462 2734 1520 2783 dum
1533 2731 1598 2783 uuile
1608 2739 1738 2784 reteumut

1055 2789 1159 2850 lineola,
1169 2791 1233 2842 nulla
1241 2793 1302 2841 diesi
1315 2807 1385 2853 eirea,
1397 2793 1512 2844 recellas
1524 2794 1609 2844 boner.

1023 2856 1078 2898 ilaec
1090 2851 1152 2899 lunia
1164 2852 1272 2913 libertus,
1283 2853 1375 2903 Christo
1385 2857 1488 2914 servire,
1502 2862 1529 2904 et
1539 2856 1564 2903 in
1575 2856 1627 2916 ipse

1053 2911 1167 2961 omnibus
1181 2924 1236 2961 esse
1250 2925 1392 2975 supremae
1405 2915 1507 2963 dcuruois
1519 2915 1652 2975 bellunum,

1023 2977 1071 3018 lion
1086 2971 1149 3020 ritiis
1159 2973 1225 3021 serui
1255 2976 1414 3035 nouregtlrus
1424 2974 1466 3023 ille
1478 2975 1598 3036 superbis,

1053 3036 1152 3083 'emtum
1165 3032 1206 3093 qul
1265 3033 1311 3083 ’to
1321 3046 1349 3083 se
1360 3034 1458 3084 dederit
1467 3035 1572 3084 Domino.

1023 3096 1070 3138 b'ee
1080 3089 1124 3139 tibi
1135 3090 1248 3141 nobilitas
1257 3094 1368 3147 rideatur
1379 3094 1465 3154 libere,
1476 3108 1548 3157 quem
1559 3108 1624 3153 uuae

1053 3150 1183 3202 sublimem
1197 3153 1299 3210 attonita
1310 3155 1427 3216 compieis
1440 3156 1501 3203 Urbe
1513 3154 1579 3207 uela.

1023 3217 1097 3267 Quam
1109 3213 1191 3260 eernis
1204 3218 1270 3261 taum
1282 3213 1328 3263 sibi
1342 3214 1455 3263 libertale
1467 3215 1553 3276 uideri,

1055 3276 1084 3318 et
1096 3271 1242 3334 dedignetur
1253 3274 1353 3323 lieetrue
1367 3272 1428 3324 eolla
1437 3282 1496 3325 beo.

1025 3328 1102 3381 ruitis
1112 3329 1154 3379 ille
1168 3332 1241 3381 nemer
1252 3330 1400 3394 nmrmlibus,
1416 3342 1441 3384 et
1453 3347 1551 3398 quocpre
1564 3337 1647 3396 seruis.

1055 3392 1141 3451 serub,
1157 3399 1182 3441 et
1192 3391 1290 3442 armillas
1299 3400 1327 3442 ut
1337 3394 1498 3456 dominentur,
1510 3396 1579 3445 eruin

1025 3456 1113 3500 norum
1124 3452 1250 3505 euuuebes
1259 3460 1285 3503 et
1297 3467 1384 3517 megae
1394 3456 1480 3517 pelasia
1487 3456 1564 3517 passi.

1054 3515 1081 3559 iil
1093 3511 1134 3573 qrsi
1165 3513 1202 3561 uis
1212 3520 1315 3574 uomens,
1330 3522 1416 3576 sponte
1427 3516 1509 3576 crusec,
1522 3517 1627 3577 pruritur:

1024 3577 1114 3627 (uento
1171 3574 1218 3622 eris
1243 3575 1315 3633 retro,
1327 3576 1462 3638 ciamueque
1472 3576 1568 3625 deensis

1055 3632 1195 3682 ceusletibi
1263 3635 1340 3697 surdis.
1350 3636 1389 3684 bie
1399 3636 1474 3685 iseuor
1485 3636 1564 3686 alliud.

1025 3698 1073 3738 uec
1080 3697 1161 3740 mmeu
1171 3693 1224 3753 ipse
1246 3701 1332 3754 rotem,
1344 3696 1385 3758 qen
1395 3695 1483 3745 celsior
1493 3696 1605 3746 eruruilms
1615 3706 1676 3745 esse

1056 3752 1153 3810 emerit,
1165 3758 1193 3802 ιιι
1205 3765 1237 3800 nu
1257 3755 1262 3765 '
1274 3756 1373 3814 seruiet,
1384 3757 1530 3818 ιειιιιιιιιιιιι.

1025 3816 1082 3859 cum
1096 3811 1161 3881 bene
1172 3818 1258 3864 setosa
1270 3814 1392 3865 dmuiuuur
1402 3817 1527 3878 iurauerit
1541 3817 1613 3878 lube,

1056 3877 1134 3920 seruit
1146 3872 1278 3934 demoniis,
1293 3874 1313 3923 si
1326 3874 1451 3925 sluruluera
1461 3875 1526 3927 colit.

1026 3930 1086 3983 irolt
1096 3930 1177 3983 dolor!
1192 3933 1237 3983 bes
1250 3942 1347 4006 propter
1358 3937 1487 3987 reuersus
1496 3937 1521 3985 iu
1535 3936 1607 3995 belse,
1619 3937 1712 3991 lleeali.

1057 3997 1083 4039 et
1096 4004 1200 4063 regulum
1210 3994 1295 4044 (tbrusti
1304 4006 1324 4056 sp
1334 3996 1408 4057 eruis,
1422 4004 1450 4047 ut
1459 3996 1498 4047 isis
1507 3996 1618 4059 piaeme:

1026 4057 1072 4100 iles
1082 4060 1171 4106 recreas
1184 4054 1301 4113 douriuos,
1312 4067 1384 4105 curre
1396 4064 1422 4106 et
1431 4058 1527 4107 eerriee
1537 4055 1636 4117 salutas,

1056 4119 1118 4168 (sucu
1135 4111 1192 4183 ligni
1206 4126 1290 4163 serres
1300 4117 1417 4178 (semideis
1428 4124 1454 4168 et
1466 4117 1566 4179 lepidis!

1026 4172 1124 4221 bomine
1136 4172 1217 4224 duriuo
1227 4181 1353 4236 argeutum
1364 4184 1511 4227 venerentur
1522 4183 1547 4227 el
1559 4189 1654 4236 aucuns,

1058 4229 1157 4294 relligio
1171 4241 1210 4283 est
1223 4234 1286 4295 quod
1297 4243 1360 4284 emet
1373 4238 1470 4286 cnerbus
1482 4238 1596 4287 arsritiae.

1027 4297 1145 4354 lupreeor
1156 4293 1238 4342 bosut
1249 4301 1324 4354 amet,
1334 4297 1374 4357 qui
1386 4310 1431 4345 ιιοιι
1443 4306 1506 4347 amat
1517 4298 1688 4359 segusianus„

1057 4360 1105 4400 ιιοιι
1117 4354 1178 4402 eolat
1192 4361 1219 4403 et
1228 4356 1353 4412 christum,
1369 4357 1407 4404 cui
1418 4355 1497 4419 placet
1510 4358 1657 4407 besceline.

1027 4411 1084 4460 mde
1095 4414 1128 4460 ait
1138 4414 1191 4474 ipse
1204 4421 1276 4474 bens,
1289 4415 1391 4465 dominis
1401 4430 1449 4466 riou
1461 4430 1531 4479 prosse
1541 4417 1637 4467 duobus

1056 4472 1160 4534 serrum
1174 4476 1286 4536 quonlam
1298 4488 1369 4525 meus
1383 4476 1519 4538 placetum
1531 4485 1595 4527 beo:

1027 4536 1076 4578 uua
1086 4529 1155 4592 lides,
1166 4540 1231 4584 neus
1242 4547 1314 4596 uuus,
1329 4542 1355 4584 et
1369 4538 1454 4587 uuiece
1466 4550 1481 4586 e
1492 4544 1560 4587 reue
1572 4539 1690 4597 clu-istus,

1058 4590 1123 4638 raud
1132 4592 1223 4655 duplex
1233 4596 1275 4642 uni
1288 4596 1393 4645 seruitus
1406 4604 1444 4647 est
1455 4596 1560 4647 deurino.

1026 4654 1117 4706 Quanta
1129 4654 1220 4701 etenim
1230 4653 1292 4704 eoele
1304 4657 1416 4705 creterris
1428 4657 1549 4715 distantia,
1561 4665 1627 4707 tuum
1641 4664 1680 4708 est

1057 4711 1155 4759 emeris
1167 4720 1193 4761 et
1202 4714 1287 4764 christi
1300 4718 1376 4765 rebus
1389 4721 1414 4765 rt
1423 4718 1536 4787 imperiis.

1027 4766 1123 4818 Tollere
1133 4770 1216 4831 hume,
1229 4774 1274 4823 seul
1285 4788 1348 4824 nurse
1361 4776 1417 4824 dcun
1431 4788 1450 4838 s,
1459 4778 1529 4826 uirus
1541 4778 1586 4825 ires
1597 4776 1661 4837 cepit
1676 4784 1753 4836 arture,

1057 4836 1136 4879 bleute
1148 4832 1227 4894 pelam
1238 4843 1348 4896 penetra,
1360 4834 1393 4884 nil
1404 4849 1469 4885 meru
1476 4840 1555 4887 curuis
1564 4840 1644 4887 abiet.

1026 4892 1151 4951 corporeis
1159 4893 1208 4953 jaus
1219 4907 1282 4944 uuue
1292 4909 1388 4945 numere
1403 4898 1505 4955 rictibus,
1520 4906 1546 4947 et
1559 4898 1621 4947 boue
1636 4898 1691 4953 silue

1056 4949 1164 5001 (mulcetis
1176 4952 1267 5016 liquido
1278 4955 1446 5016 praemedilare
1459 4959 1547 5007 aliisue.

1026 5012 1125 5071 spiritus
1136 5024 1172 5072 es,
1187 5027 1323 5076 quanquam
1334 5017 1440 5066 terrearis
1452 5029 1501 5088 eor,
1509 5031 1563 5078 ore,
1573 5017 1594 5068 si
1604 5028 1669 5066 uuae

1056 5077 1134 5120 llesrte
1145 5075 1183 5135 piu
1194 5075 1269 5125 rietur
1282 5077 1361 5124 currus
1374 5090 1434 5138 epus
1447 5089 1559 5138 pernnes.

1026 5136 1080 5179 iiaee
1091 5132 1143 5204 tibi,
1154 5133 1227 5184 cbare
1238 5148 1308 5197 lusor,
1322 5134 1386 5185 lieu·
1399 5136 1534 5198 compulsus
1545 5150 1627 5187 umore

1056 5198 1156 5253 serrps1;
1168 5195 1189 5241 si
1203 5195 1301 5256 recipis,
1316 5196 1449 5258 suscipiere
1464 5203 1523 5248 beo.

1025 5250 1102 5299 erede
1113 5260 1147 5300 uu
1188 5266 1192 5276 ·
1204 5254 1270 5303 inum
1281 5256 1324 5304 tibi
1336 5269 1399 5305 uuue
1410 5257 1434 5305 iu
1444 5270 1485 5305 me
1496 5259 1652 5319 genrinatum,

1055 5317 1126 5380 sume
1139 5261 1203 5361 (ξιξ
1213 5325 1260 5363 uua
1273 5328 1327 5363 erun
1338 5317 1430 5378 pietate
1441 5324 1530 5378 patres.

1026 5372 1180 5431 spernimur?
1194 5374 1341 5425 abstraheris
1353 5378 1444 5439 uniere
1455 5377 1537 5427 delere
1548 5377 1657 5429 circulens:

1019 5492 1036 5597 ἆ
1048 5497 1080 5539 ιιι
1092 5492 1114 5539 iu
1126 5493 1257 5553 mulieribus
1273 5501 1326 5545 blss.
1339 5504 1367 5546 ιι
1377 5497 1401 5545 lu
1413 5508 1523 5553 excusis,
1538 5501 1664 5550 ‹lucrumsus
1679 5510 1787 5560 muscum

994 5563 1028 5600 ae·
1039 5564 1061 5597 u.

1026 5616 1036 5642 ¹
1048 5610 1112 5671 illd..
1124 5609 1191 5676 lidri-
1205 5620 1231 5664 ιι
1242 5615 1448 5683 umqucdecim,
1460 5614 1517 5689 pule.
