3906 6390
137 287 188 346 tit

139 420 219 458 unum
235 405 411 473 peregrinum,
427 415 473 469 per
486 413 566 469 quem
581 405 609 452 ct
628 392 731 464 plurimi
747 389 816 444 serui
830 386 876 442 liei
890 385 924 440 dc

137 494 258 549 manibus
272 493 421 548 interlicere
433 489 583 545 conantium
599 486 702 541 liberati
716 490 788 543 suut,
801 488 828 532 et
842 477 922 531 molet

136 597 238 641 extorta
261 583 456 654 predantiltus;
475 595 523 649 per
542 591 620 648 quem
641 576 740 629 clarum
760 571 858 626 lactum
872 566 922 633 est,

136 693 214 749 quam
227 676 304 732 lacilc
317 675 360 729 illu
375 674 416 728 rel
428 673 536 727 omuino
548 685 600 724 non
612 667 714 727 tierent,
728 663 769 717 sei
784 670 869 730 coepta
878 660 923 712 de·

137 771 272 831 sisterent,
288 767 310 820 si
323 767 404 824 circs,
417 763 583 830 maximeque
595 758 720 828 primates
734 769 764 808 ca
779 753 833 807 lieri
845 750 924 821 perti·

136 862 213 929 cique
222 859 376 914 vetuissent.
673 928 681 940 ‚

172 951 199 1007 9.
213 948 325 1004 Proinde
337 939 664 1000 inurntrcrsaillacirirate
679 950 730 990 nou
743 935 922 988 innoeentesa

137 1039 305 1099 nocentibus,
320 1034 367 1089 sed
378 1033 465 1086 miuus
478 1037 605 1085 nocentes
618 1042 634 1083 a
651 1022 850 1082 nocentioribus
862 1027 921 1089 pot-

137 1131 190 1188 eris
206 1121 560 1184 torrasrediseerneredtam
570 1120 596 1174 in
606 1113 920 1188 parrepeccaroilllsunt,

136 1221 181 1292 qui
202 1228 273 1274 metu
288 1214 425 1278 deterriti,
446 1212 612 1280 maximeque
635 1223 669 1263 ne
689 1204 854 1261 attenderent
875 1216 922 1258 eos

137 1326 205 1381 ‹prros
217 1310 244 1365 iu
263 1309 308 1364 illo
321 1306 419 1376 oppido
433 1303 575 1375 plurimum
590 1313 679 1370 posse,
694 1308 722 1353 et
735 1295 855 1351 irriurieos
868 1292 922 1347 lle·

136 1402 225 1460 elesius
237 1405 374 1462 noverant,
387 1410 466 1462 opem
480 1393 548 1448 icrre
563 1405 615 1445 nott
628 1387 685 1443 ausi
698 1395 760 1441 suut
776 1401 783 1438 ι
799 1382 920 1438 scelerati

137 1503 223 1549 :rtuem
236 1503 339 1553 omues,
353 1486 448 1557 qulbus
462 1483 511 1539 etsi
527 1497 578 1536 non
591 1479 757 1542 facientibus,
773 1490 858 1543 neque
870 1475 921 1527 iru-

137 1581 321 1646 mittentibus,
344 1586 432 1631 turttcn
457 1570 605 1626 uolentibus
619 1569 669 1623 ista
686 1566 828 1622 commissa
841 1569 919 1627 sunt;

136 1670 338 1729 sceleratiores,
354 1665 397 1734 tpri
419 1662 624 1724 commiserunt;
646 1654 841 1712 sceleratissimi
855 1693 862 1714 ,
876 1653 920 1722 pul

136 1764 312 1821 ironiiserunt.
327 1757 380 1813 Sed
391 1756 425 1811 dc
433 1753 596 1808 immissione
608 1748 784 1817 suspicionem
796 1753 919 1813 putemus

135 1868 196 1910 esse
210 1868 263 1907 nou
278 1849 425 1912 ueritatem,
437 1856 526 1899 necea
541 1839 712 1895 discruiamus
725 1850 785 1905 que
799 1832 849 1887 nisi
863 1840 919 1886 tor·

137 1942 233 1998 mentis
244 1953 336 1994 eurum
352 1949 400 2004 per
411 1946 478 2003 ortos
490 1929 671 1999 inquiruntur,
686 1922 798 1979 inueniri
812 1920 921 1976 onrnino

137 2048 189 2086 non
205 2037 324 2100 possunt.
339 2027 438 2080 tlemus
454 2021 534 2076 etiam
548 2018 650 2072 vertiam
665 2014 752 2070 timori
772 2026 864 2067 corum
877 2009 922 2079 otti

139 2121 226 2190 pitius
235 2119 316 2172 ὓιιιιιι
327 2112 506 2185 proepiscopo
517 2116 544 2163 et
552 2106 636 2162 serris
647 2106 704 2172 ejus
714 2101 920 2172 deprecandum,

137 2223 215 2278 spirant
225 2214 345 2277 potentes
358 2202 478 2256 iuimicus
488 2197 612 2254 llcclcsiar
623 2191 794 2250 offendendos
802 2205 861 2245 esse
872 2204 921 2258 pu-

140 2304 271 2352 tarertmt.
286 2293 354 2361 Quid
368 2306 414 2346 eos
427 2289 596 2359 (triremem,
614 2284 720 2339 nullane
733 2297 828 2336 censes
841 2280 924 2334 disci·

139 2388 209 2456 plina
224 2380 396 2443 coercendos,
410 2390 434 2434 ιι
451 2374 650 2447 propineudum
662 2371 798 2428 existimas
811 2368 924 2438 impuni-

138 2487 193 2532 tum
209 2485 262 2530 tatu
283 2471 407 2529 immanis
427 2469 523 2524 luroris
536 2463 705 2534 exempluml
719 2461 777 2518 Non
792 2461 923 2531 praeterita

137 2564 296 2622 vindicando
305 2576 414 2633 pascere
423 2560 489 2614 iram
498 2567 615 2612 nostram
627 2554 779 2617 studenttrs;
789 2551 834 2607 sed
844 2550 924 2606 mise-

136 2656 276 2712 ricorditer
288 2654 314 2707 in
337 2651 452 2706 lturrrutn
471 2645 635 2702 consulendo
649 2643 803 2713 satagimus.
819 2641 925 2696 ilabeut

138 2730 259 2801 lromiues
271 2743 345 2809 mali,
360 2741 404 2794 ubi
418 2748 445 2794 ct
459 2753 506 2807 per
519 2738 677 2791 eluistiauos
690 2750 743 2788 non
754 2734 839 2788 solum
851 2748 925 2786 rrran·

138 2846 231 2903 suste,
245 2831 428 2890 verumetiam
450 2829 548 2883 utiliter
561 2826 752 2894 srlultriterque
767 2823 922 2893 plectantur.

53 2992 58 3001 ,
141 2931 243 2987 liabent
254 2927 325 2982 euim
349 2922 419 2994 quod
439 2935 550 2989 corpore
565 2917 687 2973 incolomi
703 2917 810 2979 rirunt,
825 2913 925 2968 liabent

140 3020 210 3076 unde
232 3018 342 3078 rirunt,
358 3013 455 3067 liabent
467 3010 537 3064 unde
561 3008 630 3062 tnale
644 3008 744 3061 riruut.
760 3006 817 3060 liuo
839 3004 923 3074 prima

139 3113 209 3167 salva
222 3109 285 3174 sint,
300 3114 330 3161 ut
345 3117 413 3175 quos
425 3101 552 3171 pceuitcat
563 3140 570 3164 ‚
583 3098 652 3163 siut;
664 3098 714 3153 boo
727 3106 859 3167 instamus,
874 3096 924 3151 boc

140 3211 266 3274 quantum
278 3197 306 3253 in
317 3196 393 3252 nobis
406 3202 458 3260 est,
471 3193 551 3248 etiam
564 3191 770 3260 impensaopern
786 3189 923 3244 iustaruus.

139 3293 258 3349 Tertium
281 3300 366 3351 ¹vero,
394 3286 416 3339 si
444 3284 514 3338 Deus
541 3281 670 3344 uoluerit,
699 3289 823 3349 tanlquam
849 3288 925 3347 putre

141 3383 300 3450 noxiumque
312 3374 424 3432 resecari
436 3414 443 3438 ‚
457 3370 533 3426 valde
554 3370 761 3425 misericorditer
776 3369 877 3438 puniet.
894 3368 923 3424 Si

140 3481 228 3527 autem
243 3469 284 3524 rel
296 3464 408 3535 amplius
426 3461 549 3522 voluerit,
564 3457 606 3512 rel
622 3474 654 3542 ue
669 3459 719 3511 tute
732 3457 839 3527 quidem
863 3472 924 3526 per-

141 3561 253 3623 ntiserit,
266 3555 369 3616 altioris
380 3559 408 3608 et
420 3547 540 3620 prolecto
550 3547 669 3616 justioris
681 3546 785 3601 consilii
798 3549 864 3600 mtto
877 3561 925 3616 pe-

141 3666 190 3707 nes
201 3650 287 3720 ipsum
295 3654 337 3702 est
351 3659 382 3700 :a
394 3640 471 3697 uubis
482 3653 572 3693 curam
580 3623 750 3706 alliciunupue
761 3646 866 3707 oportet
877 3638 926 3692 irn-

142 3740 240 3810 pendi,
265 3748 403 3807 quousque
424 3729 514 3785 ridere
533 3729 704 3791 conceditur,
724 3727 927 3797 deprecantibus

141 3845 212 3894 cum,
226 3836 255 3884 ut
264 3826 379 3880 animum
393 3827 511 3875 nostrum
519 3817 661 3887 approbet,
673 3831 725 3886 qrro
737 3817 839 3872 cunctis
850 3818 927 3873 rolu-

142 3937 201 3976 mus
214 3934 274 3976 osse
287 3915 446 3977 consultum,
458 3909 574 3979 oibilrpue
586 3907 641 3961 liert
653 3908 722 3961 sinat
736 3923 782 3977 per
791 3906 927 3976 nos,rpuod

141 4020 170 4068 ct
187 4011 263 4066 nobis
283 3999 450 4064 et'Ecclesirc
463 4015 518 4056 suae
531 4014 583 4053 nou
604 3998 729 4068 expedire
742 3999 819 4068 longe
833 3997 929 4053 melius

143 4103 215 4156 trorit
231 4101 289 4170 ipse
300 4113 380 4167 ‹prtant
394 4111 452 4150 uos.

179 4192 221 4248 tu.
240 4192 316 4246 llodo
327 4206 387 4244 eum
396 4189 465 4259 apud
479 4187 612 4244 Calamam
625 4197 752 4246 essemus,
763 4189 793 4235 ut
806 4179 888 4235 nostri
900 4178 927 4233 in

142 4297 195 4341 tam
208 4283 282 4355 grati
299 4281 392 4337 dolore
404 4281 446 4336 rel
459 4279 659 4334 consolarentur
672 4272 779 4337 alilicti,
793 4270 833 4326 rel
848 4270 928 4325 seda·

142 4387 234 4434 rentur
252 4374 355 4430 accensi
367 4415 375 4439 ,
388 4381 513 4441 quantum
529 4369 662 4439 potuimus
675 4363 745 4436 uttod
761 4364 787 4418 iu
809 4370 928 4431 tempore

35 4460 43 4465 ’
142 4467 292 4538 oportuisse
312 4461 538 4526 existimavimus,
551 4474 611 4513 cum
632 4453 789 4514 Citrlttianis
812 4452 924 4522 epintus.

144 4556 244 4613 beinde
260 4556 338 4612 ctiam
352 4555 423 4624 ipsos
436 4552 565 4620 Paganos,
577 4548 638 4602 mali
649 4546 714 4601 tanti
726 4551 804 4614 caput
824 4551 851 4596 ct
863 4558 927 4597 eru·

143 4663 212 4714 sam,
222 4655 340 4716 petentes
352 4652 382 4698 ut
390 4642 424 4695 ab
432 4642 471 4696 eis
484 4639 644 4701 videremur,
661 4636 831 4701 admisimus,
843 4643 870 4688 ut
880 4635 929 4688 bac

142 4736 281 4792 ocetsiooe
302 4733 506 4788 admoneremus
519 4743 566 4782 eos
578 4725 641 4796 quid
654 4724 740 4780 tacere
753 4716 890 4787 deberent,
905 4721 929 4777 si

143 4836 277 4900 saperent,
303 4842 356 4881 non
371 4831 470 4878 tautum
488 4835 536 4891 pro
547 4815 705 4873 remerenda
719 4815 841 4885 prasenti
854 4814 929 4869 soili-

143 4921 260 4977 citudine
271 4932 376 4988 ,rerum
388 4915 466 4970 ctiam
475 4927 522 4983 pro
530 4906 685 4978 inptrircuda
695 4906 780 4962 saluta
790 4912 926 4975 perpetua.

144 5011 225 5067 llulta
237 5024 254 5064 a
267 5007 344 5063 nubis
357 5005 515 5069 audierunt,
530 5000 644 5055 multum
658 4999 737 5053 ctiam
756 4997 805 5066 ipsi
819 5010 929 5066 rogare-

144 5109 221 5166 runt;
236 5098 283 5154 sed
296 5099 400 5153 absitut
410 5096 476 5151 tales
484 5093 554 5149 serri
561 5092 654 5151 simus,
666 5103 732 5158 onus
747 5087 828 5142 abeis
841 5085 928 5156 rogari

145 5191 269 5251 delectet,
282 5203 297 5243 a
311 5187 408 5258 quibus
422 5192 511 5239 noster
522 5181 649 5237 Dominus
659 5194 710 5233 non
723 5187 840 5248 rogatio.
852 5177 929 5234 Unde

146 5280 267 5350 pervides
280 5293 329 5348 pro
351 5275 489 5330 vivacitate
508 5271 604 5327 mentis
618 5280 669 5324 ture
680 5310 688 5334 ,
701 5269 733 5322 ad
749 5269 800 5323 boe
812 5282 872 5324 este
886 5269 929 5323 ni·

146 5369 254 5425 tendum
267 5377 369 5423 serrata
382 5363 598 5428 tnatrsuctudinc,
618 5368 646 5414 ct
659 5358 838 5413 modemtiouc
856 5359 928 5413 obri·

148 5460 245 5526 stiaua,
268 5466 296 5513 ut
318 5465 363 5511 aut
384 5463 496 5511 eeteros
517 5452 700 5507 deterreamus
721 5464 812 5504 eornm
832 5448 929 5505 imitari

149 5551 409 5621 perversitatemaut
418 5555 528 5600 cataros
535 5554 656 5612 optemus
666 5555 756 5594 corum
768 5539 863 5594 imitari
870 5555 928 5594 cor·

150 5641 308 5699 rectionem·
326 5637 428 5696 Damna
447 5649 505 5706 que
519 5632 590 5689 illata
603 5639 674 5692 sunt,
694 5630 735 5686 rcl
758 5631 928 5687 tolcrarttura

716 237 956 331 srrsrottnuu
975 268 1115 331 cussus
1128 267 1160 328 u.

977 383 1144 451 Christianis,
1159 388 1199 441 rel
1214 390 1394 444 resarciuntur
1405 405 1452 460 per
1463 389 1632 445 christianos.
1652 385 1762 447 Anima·
1784 413 1790 424 ι

979 489 1036 528 rum
1056 490 1106 530 nos
1131 477 1220 542 lucra,
1247 479 1343 548 quibus
1366 480 1535 550 acquirendis
1559 495 1620 535 cum
1646 480 1766 551 periculo

977 565 1057 618 ctiam
1071 566 1206 636 sanguinis
1219 567 1362 635 inbiamus,
1377 578 1405 626 et
1416 570 1441 624 iu
1459 570 1518 626 loco
1533 570 1577 625 illo
1590 570 1765 640 quaestuosius

979 654 1128 722 provenire,
1143 667 1170 711 et
1182 658 1243 711 aliis
1253 658 1318 714 locis
1332 659 1377 714 illo
1385 660 1507 730 exemplo
1520 675 1573 714 non
1584 658 1705 729 impediri
1714 659 1763 715 de·

977 744 1134 800 sideramus.
1151 747 1198 803 liei
1214 750 1394 806 misericordia
1407 750 1484 806 nobis
1496 760 1602 821 praestet
1617 752 1651 806 de
1666 761 1709 806 tua
1721 764 1764 805 sti·

978 837 1032 892 tute
1041 838 1165 908 gaudere.

1198 931 1363 988 bristout
1377 934 1446 991 xcu
1466 938 1474 958 ·
1495 932 1544 1006 (nl.

977 1018 1132 1088 depertinet
1153 1020 1253 1076 italice
1265 1025 1362 1091 aldrice,
1375 1025 1508 1079 consulens
1520 1025 1589 1078 iilum
1603 1040 1679 1094 super
1696 1022 1764 1078 eliu

1011 1110 1113 1175 mariti,
1129 1127 1159 1165 rte
1178 1113 1295 1185 repetiens
1317 1131 1403 1169 eorum
1424 1115 1566 1187 epittioneut
1587 1114 1629 1186 tpti
1648 1112 1765 1168 dicebaut

1013 1200 1092 1256 Deum
1106 1204 1184 1259 uideri
1199 1207 1278 1262 cerdis
1291 1209 1427 1278 corporeis.
1597 1194 1599 1198 ¹

978 1290 1094 1346 llontinae
1108 1294 1212 1349 eximite
1226 1305 1253 1350 et
1267 1297 1363 1352 ruerito
1377 1297 1600 1366 prestantissimae
1612 1335 1619 1358 ,
1634 1301 1713 1363 atque
1734 1307 1762 1348 tn

1009 1378 1106 1437 Christi
1130 1383 1258 1441 citaritate
1284 1386 1445 1451 honorande
1473 1387 1533 1440 tilitc
1561 1385 1671 1440 istrucrs
1705 1382 1763 1456 (b),

1012 1472 1177 1529 duousrtsus
1187 1476 1336 1546 episcopus,
1352 1477 1378 1531 in
1393 1477 1504 1531 Dourino
1514 1476 1637 1530 salutem.

1012 1560 1037 1616 1.
1052 1559 1108 1615 Nou
1124 1562 1209 1617 solum
1222 1564 1317 1620 litteris
1331 1566 1392 1630 tuis,
1409 1581 1499 1621 rerum
1514 1565 1593 1619 etiam
1616 1564 1673 1633 ipso
1693 1560 1761 1619 rede

976 1657 1051 1706 rente
1065 1653 1109 1721 qui
1124 1655 1246 1722 pertulit,
1260 1657 1377 1725 comperi
1392 1656 1503 1710 multum
1524 1664 1550 1710 te
1563 1654 1682 1724 flagitare
1692 1654 1764 1710 titte-

976 1756 1019 1795 rns
1031 1757 1115 1810 meas,
1129 1746 1282 1802 credentem
1305 1747 1375 1817 quod
1389 1763 1420 1802 ιιι
1435 1748 1474 1802 eis
1493 1747 1700 1801 consolationem
1714 1744 1763 1800 ba·

976 1832 1039 1887 bere
1059 1833 1199 1903 plurimam
1212 1837 1307 1906 possis.
1323 1838 1362 1891 'du
1378 1839 1465 1907 itaque
1478 1837 1576 1891 sideris
1592 1836 1654 1906 qtrid
1665 1835 1763 1892 exinde
1782 1819 1784 1825 ’

975 1921 1063 1990 capias
1080 1962 1087 1989 ,
1102 1936 1152 1993 ego
1166 1933 1252 1980 tanten
1266 1941 1311 1982 ets
1326 1943 1422 1997 negare
1434 1928 1474 1981 rel
1485 1927 1591 1981 differre
1605 1941 1656 1980 nou
1671 1925 1763 1982 debui.

975 2011 1135 2069 Consoletur
1147 2025 1235 2071 autem
1251 2026 1276 2072 te
1288 2017 1353 2072 tides
1368 2026 1395 2073 ct
1407 2032 1468 2088 spes
1479 2028 1533 2082 tua,
1544 2027 1571 2072 et
1583 2019 1639 2088 ipsa
1647 2017 1766 2073 ebaritas
1861 2054 1862 2059 κ

976 2118 1034 2172 quae
1048 2103 1203 2160 diffunditur
1212 2106 1239 2160 iu
1252 2109 1378 2163 cordibus
1387 2111 1489 2179 piorum
1505 2109 1689 2179 perspiritum
1701 2122 1764 2162 san·

976 2202 1047 2246 ctum
1064 2193 1160 2265 (lietu.
1175 2211 1202 2260 r,
1219 2195 1270 2268 5),
1285 2197 1360 2267 cuins
1382 2214 1452 2254 mure
1469 2199 1567 2268 aliquid
1582 2213 1630 2267 pro
1654 2197 1767 2267 pignore

976 2282 1137 2351 accepimus,
1153 2294 1181 2339 ut
1195 2286 1278 2355 ipsam
1292 2287 1481 2356 pleul·udinero
1495 2287 1645 2343 desiderare
1658 2286 1766 2342 nored-

977 2389 1045 2428 nrus.
1059 2374 1118 2429 Nou
1133 2376 1204 2430 enim
1219 2384 1244 2431 te
1257 2376 1404 2433 desolatam
1428 2388 1520 2449 putare
1534 2378 1634 2444 debes,
1654 2392 1716 2436 cum
1735 2377 1765 2431 itt

978 2464 1102 2521 interiore
1124 2464 1232 2523 bomine
1253 2469 1350 2524 babeas
1376 2473 1534 2539 praesentem
1558 2470 1692 2526 Cirristum
1716 2484 1765 2541 per

978 2555 1056 2611 ildem
1077 2556 1103 2610 iu
1125 2558 1205 2613 corde
1224 2566 1286 2625 tuo;
1304 2568 1350 2614 aut
1367 2561 1406 2615 sie
1426 2569 1452 2615 tc
1468 2561 1619 2616 contristari
1639 2568 1766 2630 oportet,

978 2650 1200 2720 quemadmodum
1220 2662 1313 2722 gentes
1326 2668 1396 2723 ‘qum
1408 2667 1481 2723 spem
1504 2669 1556 2708 non
1574 2651 1685 2718 habeut,
1699 2665 1762 2709 eum

979 2743 1147 2798 veracissima
1170 2744 1344 2812 promissione
1364 2759 1503 2815 speremus
1517 2760 1565 2799 nos
1578 2745 1611 2800 de
1632 2743 1682 2799 bac
1695 2745 1764 2812 rita,

979 2833 1049 2889 unde
1063 2833 1201 2904 migraturi
1210 2835 1339 2905 quosdam
1360 2846 1465 2891 nostros
1479 2837 1622 2906 migrantes
1632 2850 1684 2891 non
1697 2836 1766 2892 ami·

978 2922 1072 2990 simus,
1086 2924 1132 2979 sed
1146 2926 1331 2995 praemisimus,
1345 2926 1377 2980 ad
1388 2942 1446 2981 earn
1457 2927 1537 2981 uitam
1551 2942 1611 2982 esse
1625 2935 1764 2993 uenturos,

978 3013 1022 3069 ubi
1035 3015 1112 3071 nobis
1126 3022 1204 3071 erunt
1217 3026 1315 3086 qrtanto
1329 3017 1457 3085 notiores,
1471 3027 1543 3074 tarrte
1557 3020 1646 3090 utique
1657 3018 1765 3076 emrtu-

979 3119 1031 3170 res,
1047 3114 1074 3159 et
1088 3105 1145 3160 siue
1158 3106 1251 3161 timore
1263 3107 1342 3163 ullius
1356 3108 1525 3164 discessionis
1538 3109 1676 3165 amabiles.

1013 3195 1041 3249 2.
1056 3194 1200 3251 llicautem
1214 3197 1262 3251 etsi
1274 3197 1368 3267 conjux
1380 3205 1451 3265 tuus,
1462 3198 1537 3269 cujus
1550 3199 1674 3254 abscessu
1687 3198 1768 3256 sidus

978 3285 1093 3351 diceris,
1108 3287 1155 3342 tibi
1177 3288 1332 3343 notissimus
1344 3297 1421 3357 crat,
1435 3291 1484 3345 sibi
1499 3299 1587 3345 tamen
1610 3290 1701 3346 notior
1709 3297 1768 3354 erat

979 3392 1058 3448 qtram
1074 3378 1129 3432 tibi.
1145 3378 1178 3432 Et
1192 3378 1262 3433 unde
1275 3379 1335 3445 boc,
1350 3394 1411 3433 cum
1426 3387 1452 3433 tu
1471 3381 1530 3449 ejus
1546 3379 1709 3449 corporalem
1725 3377 1766 3434 lu·

979 3454 1047 3524 ciem
1060 3467 1174 3535 rideres,
1190 3483 1269 3538 quam
1285 3469 1342 3538 ipse
1352 3470 1442 3538 utique
1454 3484 1508 3523 uon
1518 3468 1632 3532 ridebat,
1645 3466 1768 3538 nisiquia

981 3563 1072 3616 notitia
1085 3561 1169 3616 nostri
1181 3562 1279 3617 certior
1292 3562 1363 3616 intus
1370 3572 1422 3629 est,
1432 3562 1475 3616 ubl
1487 3558 1622 3617 nemoscit
1634 3575 1694 3630 quas
1704 3568 1768 3615 sunt

982 3652 1106 3718 bortrinis,
1117 3653 1168 3707 nisi
1190 3653 1298 3722 spiritus
1314 3654 1430 3709 bominis
1442 3654 1487 3724 ‹pti
1502 3653 1600 3732 inipso
1614 3660 1655 3707 est
1670 3650 1767 3724 (ider.-

980 3760 1016 3809 rr,
1032 3742 1080 3817 tl)
1099 3762 1105 3797 :
1124 3744 1171 3799 sed
1189 3745 1365 3800 cumvenerit
1382 3744 1525 3810 llunrinus,
1541 3754 1566 3800 ct
1583 3729 1768 3802 illuminarerlt

980 3834 1134 3889 abscondita
1149 3834 1328 3898 tenebrarum,
1339 3843 1366 3888 et
1377 3834 1582 3889 manifestaverit
1593 3836 1767 3904 cogitationes

981 3926 1070 3982 cordis
1082 3926 1092 3996 (
1102 3926 1156 3993 td,
1168 3942 1213 3993 rr,
1228 3926 1280 3998 li),
1305 3938 1367 3981 tuno
1384 3927 1448 3982 nibil
1461 3927 1553 3982 latebit
1571 3928 1718 3995 proximum
1739 3924 1767 3982 ia

983 4015 1113 4084 proximo,
1130 4031 1179 4070 uec
1192 4016 1243 4070 erit
1254 4016 1391 4086 qtrodsuis
1405 4017 1516 4087 ortisque
1525 4016 1637 4085 aperiat,
1653 4015 1768 4072 abscon·

981 4105 1026 4159 dat
1051 4105 1160 4170 alienis,
1181 4105 1224 4160 ubi
1244 4107 1331 4161 nullus
1344 4091 1394 4160 crit
1414 4106 1525 4160 alienus.
1546 4105 1601 4159 Lux
1617 4120 1680 4160 reru
1698 4105 1766 4176 ipsa,
1835 4127 1836 4131 ¹

981 4213 1032 4267 qua
1057 4196 1276 4253 illuminabuntur
1298 4199 1355 4252 buc
1374 4197 1461 4251 onuria
1476 4212 1536 4266 ptrtc
1550 4196 1627 4249 modo
1641 4196 1667 4250 in
1681 4195 1769 4250 curtii·

981 4288 1030 4342 bus
1048 4287 1243 4351 reconduntur,
1266 4286 1351 4357 qualis
1364 4295 1410 4340 ant
1421 4295 1518 4355 qtraota
1543 4285 1587 4350 sit,
1605 4285 1664 4354 quis
1677 4284 1767 4354 lingum

982 4379 1115 4449 proterat,
1130 4380 1190 4448 quis
1206 4379 1298 4433 saltent
1315 4378 1418 4433 intuma
1432 4387 1520 4433 mente
1531 4378 1687 4446 contingat?
1700 4377 1766 4432 Pre-

983 4473 1051 4526 iccto
1064 4471 1107 4525 lus
1123 4470 1165 4523 illa
1183 4471 1250 4524 Deus
1265 4470 1321 4538 ipse
1333 4477 1390 4532 est,
1405 4469 1529 4538 quondam
1548 4467 1615 4522 Deru
1628 4470 1673 4522 lus
1681 4477 1730 4532 est,
1743 4477 1767 4522 et

981 4562 1087 4616 tenebre
1097 4563 1123 4615 iu
1133 4577 1161 4615 ea
1169 4576 1219 4615 nort
1231 4568 1289 4615 aaut
1301 4560 1361 4613 ulie
1373 4557 1395 4630 (l
1404 4557 1481 4612 doau.
1496 4576 1515 4623 t,
1526 4559 1553 4628 5)
1565 4576 1572 4623 ;
1584 4559 1629 4613 scd
1641 4556 1683 4613 lux
1698 4573 1768 4613 meu·

982 4653 1045 4707 tium
1070 4662 1259 4723 purgatarum,
1274 4667 1326 4706 nou
1348 4651 1459 4706 istorum
1479 4653 1598 4720 corporis
1617 4650 1755 4704 oculorum

982 4745 1039 4799 Erit
1051 4759 1115 4815 ergo
1132 4756 1194 4801 tnnc
1207 4757 1282 4799 tuens
1294 4741 1389 4798 idonea
1408 4757 1468 4812 qne
1481 4742 1551 4796 illam
1566 4742 1651 4796 lucem
1666 4741 1764 4806 rideat,

982 4834 1051 4907 quod
1064 4851 1134 4890 nuuc
1146 4836 1262 4890 nondum
1276 4847 1326 4891 est.

1017 4928 1044 4983 ὅ.
1064 4908 1120 4981 lloc
1139 4941 1226 4982 autem
1239 4926 1333 4982 oculus
1346 4928 1437 4983 ridere
1456 4927 1576 4995 corporis
1594 4936 1680 4993 tuque
1695 4936 1768 4978 ιιιιιιο

1011 5075 1020 5110 ¹
1037 5073 1210 5126 recensuimus
1219 5069 1319 5122 bancad
1328 5083 1354 5120 a.
1365 5070 1408 5134 bg.
1416 5068 1454 5130 bl.
1469 5069 1511 5119 bu.
1523 5083 1545 5119 c.
1555 5082 1591 5119 ec.
1600 5068 1638 5119 cb.
1650 5067 1676 5119 u.
1688 5082 1714 5133 g.
1726 5082 1770 5133 gg.

979 5152 1020 5203 gr.
1029 5135 1076 5215 tl.
1090 5151 1115 5187 u.
1126 5149 1148 5186 s
1161 5142 1179 5185 t.
1192 5136 1231 5186 ud.
1241 5135 1303 5184 duos
1313 5145 1335 5182 a.
1346 5133 1409 5183 duos
1420 5145 1457 5182 rc.
1469 5133 1577 5194 qrtimpue
1589 5146 1612 5180 r.
1636 5138 1662 5181 et
1677 5133 1770 5201 supin.

979 5199 1164 5374 mdripzrgddvd:
1177 5271 1233 5323 quae
1243 5264 1326 5308 autem
1336 5254 1368 5307 ⁰2
1379 5261 1440 5315 crat,
1453 5267 1517 5304 nune
1534 5252 1586 5304 tro.
1604 5253 1693 5317 scuptr
1712 5255 1770 5307 circ.

978 5335 1046 5449 ⁸¹¹dd)
1062 5385 1120 5435 ttuic
1129 5384 1186 5448 ipsi,
1195 5389 1222 5433 ut
1233 5382 1337 5454 videtur,
1349 5375 1435 5429 uellere
1445 5378 1533 5440 scripta
1545 5384 1583 5426 est
1593 5378 1691 5428 ioannis
1700 5375 1773 5450 einp

978 5447 1077 5498 sostomi
1083 5444 1247 5509 epistotatro,
1255 5449 1463 5508 quauumrrauam
1472 5446 1648 5503 praepotentem
1657 5438 1773 5490 seminus

980 5510 1128 5567 adtrortatm,
1142 5515 1170 5558 ut
1179 5520 1224 5570 pro
1234 5518 1278 5557 sua
1290 5502 1413 5562 laenitate,
1425 5514 1518 5563 perse,
1529 5513 1574 5552 scu
1587 5513 1632 5563 per
1646 5500 1707 5552 alius
1716 5500 1771 5561 dili

980 5571 1087 5681 “tongam
1096 5570 1210 5680 adldbcat
1221 5568 1250 5617 ad
1262 5565 1392 5616 sedandam
1400 5570 1570 5625 teutpestatem
1578 5560 1724 5614 inorieutali
1732 5568 1771 5613 te·

979 5645 1031 5682 ces
1065 5645 1119 5680 exer
1131 5645 1144 5680 a
1155 5643 1202 5681 am.
1755 5657 1758 5663 .
