3906 6390
125 376 204 425 scunt
224 367 713 439 lniptoliamusetgumalumcrrorom
724 374 916 437 eommqucttt

125 459 240 524 habent;
264 459 364 514 botrum
382 468 471 514 autem
493 473 589 514 nouien
605 458 651 513 Dei
665 456 735 527 quod
750 456 864 519 liabent,
889 462 916 509 et

124 558 318 603 sacramentum
339 548 396 617 ejus
408 547 577 618 agnoscimus
592 546 618 601 in
632 546 691 611 eis,
707 554 734 601 et
747 558 913 609 veneramur,

124 648 151 692 et
164 640 358 708 amplectimur.
378 637 430 695 Sed
450 646 589 707 propterea
603 637 725 692 dolemus
743 644 874 701 errantes,
887 644 915 689 st

123 743 171 785 cos
202 745 250 800 per
277 730 433 786 cliaiitatem
458 729 557 784 Christi
579 729 675 783 lucrari
697 728 753 784 beo
773 727 912 796 cupimus,

124 832 153 879 ιιι
181 830 301 878 mactum
324 832 519 878 sacramentum
543 820 615 892 quod
643 819 708 874 loris
734 819 768 873 ab
795 816 913 873 Ecclesia

22 934 28 940 ·
123 912 222 969 habent
243 912 277 967 ad
297 913 460 982 perniciem,
482 912 509 965 ιιι
524 926 590 980 poce
610 909 735 965 Ecclesiae
752 907 867 962 habeant
879 906 912 961 ad

122 1002 244 1059 salutem.
257 1002 294 1058 <st
307 1017 370 1072 ergo
383 1002 509 1057 tollantur
522 1002 556 1058 de
574 1000 664 1057 medio
682 1000 751 1055 mala
766 999 910 1062 hominum,

121 1105 148 1148 et
163 1093 328 1148 honorentur
344 1094 370 1146 in
386 1093 536 1148 hominibus
555 1091 624 1146 bona
637 1091 703 1155 bem
728 1090 778 1145 erit
797 1088 912 1144 itatetoa

122 1182 281 1249 concordia,
299 1192 326 1239 et
340 1183 461 1237 amabilis
475 1196 538 1252 pax,
554 1190 582 1236 ut
595 1181 622 1236 in
636 1179 762 1236 curtilibus
774 1179 912 1234 homiuum

121 1276 212 1331 vineit
226 1276 426 1346 persuasionem
441 1273 539 1329 diaboli
550 1315 557 1337 ,
568 1272 684 1328 charitas
695 1271 803 1327 Christi.

156 1364 184 1419 2.
199 1364 288 1433 ltaque
298 1379 358 1419 eum
371 1364 404 1418 ad
418 1378 466 1418 iios
477 1364 586 1418 icniout
597 1379 629 1418 cx
640 1371 716 1435 parte
728 1362 831 1427 Donati,
843 1360 911 1416 mala

121 1453 227 1508 illorum
239 1469 292 1508 non
307 1452 482 1524 suscipimus,
502 1453 527 1507 id
544 1461 584 1508 est
595 1452 787 1508 dissensionem
799 1461 911 1508 eterra·

120 1559 196 1611 rem,
216 1544 263 1599 sed
283 1543 339 1614 ipsa
355 1544 483 1599 tolluntur
495 1543 530 1600 de
547 1543 635 1598 medio
654 1552 778 1613 tanqiiam
797 1540 911 1612 impedi·

120 1643 210 1690 menta
234 1634 403 1699 concordias,
429 1643 456 1689 et
479 1633 665 1704 amplectimur
688 1632 784 1687 iratres
805 1639 912 1686 nostros

121 1733 224 1780 stantes
246 1739 306 1780 caut
332 1725 387 1792 cis,
413 1726 482 1779 sicot
503 1724 567 1778 dicit
587 1725 746 1793 apiostolus,
771 1722 798 1776 iti
818 1721 913 1775 uilitate

120 1815 224 1883 spiritus
235 1815 255 1880 ¹,
271 1815 297 1868 iit
310 1814 409 1869 motolo
421 1814 490 1885 pacis
507 1812 612 1885 (spon.
626 1828 664 1878 tt,
678 1810 717 1884 tt),
731 1820 758 1867 et
767 1826 912 1883 agitosecn·

121 1912 162 1959 tes
177 1905 202 1959 in
216 1905 256 1959 eis
269 1905 338 1959 bona
351 1905 412 1971 lici,
436 1905 492 1959 site
511 1910 631 1958 sanetum
651 1903 832 1972 baptismum,
855 1901 912 1957 site

120 1997 333 2052 benedictionem
346 1996 537 2062 Ordinatiouis,
552 1997 608 2051 site
621 1995 792 2051 continentiae
808 1991 911 2064 proles-

121 2088 240 2154 sionem,
256 2088 313 2143 site
324 2087 550 2158 consignationem
564 2085 742 2156 virginitatis,
760 2085 817 2141 site
831 2083 910 2139 iidem

121 2176 276 2242 Trinitatis,
298 2177 360 2231 etsi
376 2192 428 2246 qua
449 2177 501 2231 alia
522 2185 584 2231 sunt
600 2193 606 2231 :
620 2191 678 2245 otim
697 2175 786 2230 omnia
806 2174 911 2229 etiamsi

121 2274 216 2333 eraut,
236 2265 302 2320 nihil
325 2273 412 2320 tamen
426 2265 586 2334 proderant,
604 2264 711 2334 quaudo
725 2262 840 2317 charitas
858 2277 911 2316 tion

120 2364 187 2411 crat.
201 2357 266 2424 Quis
276 2365 364 2412 autem
379 2371 441 2411 iere
452 2355 517 2411 dicit
531 2370 560 2411 se
569 2355 668 2409 habere
682 2353 780 2408 Christi
794 2352 909 2407 charita·

120 2454 185 2512 tem,
207 2447 314 2517 quaudo
333 2448 391 2517 ejus
410 2461 462 2502 tion
485 2446 654 2516 amplectitur
673 2446 822 2500 uilitatem?
844 2445 911 2500 Cum

119 2551 183 2605 crgo
201 2536 233 2589 ad
247 2535 411 2592 Catliollcam
423 2537 550 2600 ieoiuut,
565 2550 617 2591 non
630 2534 673 2590 hie
692 2536 825 2606 accipiunt
838 2534 910 2605 qtiod

120 2629 272 2691 liabchaut3
295 2627 341 2682 sed
358 2636 386 2682 ut
406 2627 533 2698 prodesse
550 2627 603 2682 illis
619 2626 728 2696 incipiat
742 2624 812 2696 qtiod
830 2624 912 2680 habe·

119 2719 196 2784 baut,
212 2718 344 2787 accipiunt
366 2718 409 2772 hic
430 2716 500 2786 ‹puotl
523 2731 575 2770 nott
598 2715 740 2771 habebant.
767 2715 816 2770 tlte
839 2714 910 2770 enisu

45 2802 52 2815 '
120 2809 251 2878 accipiunt
265 2808 381 2864 radicem
396 2806 536 2863 eharitatis
556 2807 583 2861 ln
604 2805 710 2861 siricolo
729 2807 815 2876 pacis,
839 2814 867 2860 et
884 2806 910 2860 in

119 2901 247 2956 meteone
265 2896 390 2966 unitatis:
412 2908 441 2955 ut
462 2914 514 2955 ιιοιι
534 2897 568 2954 ad
585 2898 800 2962 damnationem,
817 2897 864 2955 sed
877 2898 909 2953 ad

120 2988 303 3045 liberationem
327 2990 379 3043 illis
401 2989 509 3043 valeant
530 2988 620 3043 omnia
634 3003 693 3058 qum
708 2987 806 3043 habent
818 3001 909 3042 sacra·

120 3091 208 3136 niettta
221 3081 348 3135 veritatis.
371 3079 429 3135 lion
445 3080 515 3134 enim
530 3079 629 3135 debcnt
643 3079 750 3148 gloriati
764 3087 908 3146 sarmenta,

119 3170 179 3240 quia
195 3186 247 3225 non
262 3178 323 3225 sunt
335 3169 470 3240 spinarum
486 3169 555 3240 ligna
566 3209 573 3234 ,
586 3168 633 3224 sed
644 3168 716 3225 vitis.
730 3168 758 3224 Si
771 3169 843 3225 eitim
857 3182 909 3223 iton

119 3262 146 3315 iu
159 3260 249 3316 radice
263 3260 387 3328 vixerint,
401 3275 460 3315 cum
477 3269 532 3315 tota
545 3261 634 3329 specie
648 3274 697 3316 sua
710 3260 736 3314 in
750 3260 837 3331 ignem
850 3260 910 3314 mit·

120 3362 218 3408 lentur.
236 3352 273 3407 be
287 3352 443 3423 ortibusdam
460 3359 547 3406 autem
563 3352 643 3407 ramis
656 3351 748 3406 lractls
758 3350 826 3406 dixit
839 3351 910 3420 lpo-

119 3446 205 3501 stolus
216 3445 277 3515 quia
292 3453 379 3516 potens
393 3452 428 3498 est
439 3443 509 3498 Deos
524 3443 613 3498 iterum
627 3442 735 3497 inserere
748 3443 806 3497 illos
819 3441 907 3510 illeiis.

120 3553 159 3601 si,
172 3535 229 3608 25).
245 3536 278 3591 Et
290 3536 360 3598 ideo,
373 3534 545 3590 dilectissime
556 3532 646 3599 irater,
659 3548 840 3604 quoscumque
853 3533 910 3587 illo-

120 3644 180 3683 rum
195 3626 294 3683 rideris
308 3626 376 3682 lorte
394 3624 545 3681 dubitantes
561 3639 613 3695 otio
627 3623 719 3678 ordine
733 3623 910 3693 suscipiantur

120 3733 135 3774 a
150 3717 245 3786 nobis,
265 3716 377 3772 ostende
392 3715 446 3770 illis
462 3715 539 3771 istam
552 3730 630 3787 qoam
644 3714 711 3770 licite
723 3713 791 3768 nosti
802 3728 908 3768 maurum

119 3823 221 3874 nicam,
236 3815 263 3863 et
277 3806 300 3862 si
310 3821 369 3861 eam
379 3805 449 3876 apud
462 3820 492 3861 se
506 3805 605 3860 habete
619 3804 759 3870 calluerint,
775 3803 907 3869 habeaut;

119 3898 180 3968 quia
195 3904 289 3953 testem
300 3897 382 3952 ileum
397 3895 465 3950 lacio
478 3910 558 3966 saper
570 3895 684 3950 animam
699 3909 796 3960 meam,
811 3893 849 3949 sic
862 3908 909 3949 eos

119 4002 163 4043 me
179 3995 384 4057 suscepturum,
409 3994 438 4039 ut
458 3999 510 4039 uon
532 3985 617 4039 solum
638 3985 796 4054 baptismum
810 3983 908 4039 Christi

119 4092 198 4148 quem
207 4085 377 4146 acceperunt,
392 4076 479 4147 ipsum
493 4075 614 4140 habeant,
631 4076 768 4131 sedetiam
780 4076 907 4130 honoiem

118 4166 288 4223 sanctimonii
301 4174 328 4221 et
342 4166 512 4220 continentias
524 4166 544 4218 ¹.
839 4159 851 4183 ³

350 4254 514 4312 El‘lSTlth
532 4256 621 4315 Lllll·
636 4257 684 4329 (a).

119 4347 244 4420 Alypius,
267 4348 422 4419 asquitinus
434 4358 456 4402 et
471 4348 620 4403 Sotiisucius
638 4349 747 4415 Seuero,
763 4359 908 4406 excusantes

263 4452 320 4509 qiioe
331 4439 357 4492 iii
372 4436 495 4492 Timotlici
509 4439 606 4509 nepotis
618 4448 766 4509 postoima.

116 4527 233 4603 bornino
246 4527 401 4584 beatissimo
413 4535 440 4581 et
451 4528 636 4585 vctierabiliter
645 4529 802 4586 charissimo
816 4542 842 4584 et
854 4531 908 4585 sin-

156 4619 297 4676 cerissimo
309 4618 383 4674 tratri
400 4626 427 4674 et
443 4617 625 4674 consacerdoti
637 4620 745 4677 Ssvsno
760 4621 811 4693 (li),
824 4633 850 4677 et
863 4623 908 4693 qui

156 4721 261 4780 tecum,
292 4720 354 4767 suut
376 4709 518 4777 tratribus,
542 4712 670 4779 diarios,
694 4713 860 4770 locustinos
881 4723 909 4771 et

154 4807 311 4871 Souroutos,
323 4814 351 4861 et
362 4807 407 4877 qui
418 4806 555 4862 nobiseum
569 4819 632 4864 suat
646 4808 750 4876 iratres,
763 4812 788 4866 in
798 4812 909 4868 bosniae

153 4898 277 4954 salutem.

155 4990 181 5047 i·
194 4988 260 5043 Cum
274 4987 422 5043 Subsanam
444 4986 627 5054 venissemus,
646 4998 672 5045 et
685 5004 743 5061 qnae
760 4992 813 5047 illic
833 4972 908 5049 uobis

151 5106 160 5138 ¹
171 5110 225 5156 tiss,
238 5103 347 5155 melioris
356 5111 421 5156 uota
432 5106 531 5167 habent,
543 5106 568 5157 iii
579 5105 692 5159 anitoaaii
702 5107 799 5161 (ιιιιιι.

150 5167 208 5217 ¹slc
216 5167 447 5217 retusoodexcorh.
455 5169 906 5232 transpositamdrtcmitaentinm.

151 5228 318 5291 'epistetxtt
335 5234 361 5277 ct
376 5234 437 5278 txttt
454 5232 647 5283 recensitaesuat
660 5233 690 5282 ad
709 5239 761 5284 tiss.
779 5236 909 5288 corbeien-

118 5300 187 5348 seta,
198 5289 260 5339 duos
269 5289 393 5339 t'atieanos
404 5289 468 5341 etad
480 5296 534 5340 tor.

150 5350 187 5414 (α)
200 5347 262 5399 ilias
283 5347 326 5398 att
342 5364 348 5399 :
378 5364 417 5401 uae
440 5360 522 5402 autem
541 5352 572 5402 62
593 5361 654 5417 erat,
666 5369 730 5406 tione
742 5355 795 5405 toa.
818 5358 908 5422 scripta

118 5409 181 5461 torte
191 5412 238 5462 sub
254 5409 295 5460 dn.
307 5422 347 5459 au.
360 5363 414 5463 ffel.

151 5471 187 5537 (b)
199 5472 240 5521 tile
252 5479 305 5531 est,
316 5472 363 5521 nisi
374 5473 486 5536 lallimor,
500 5474 541 5525 illc
554 5477 606 5539 ipse
617 5479 686 5542 cujus
698 5491 729 5529 es
742 5480 840 5531 nomine
851 5487 908 5532 tau·

120 5531 196 5582 linum
207 5533 296 5583 salutm
305 5536 451 5595 augustinns
464 5537 488 5585 ln
501 5538 571 5598 epist.
588 5538 634 5598 tt,
658 5554 683 5589 u.
695 5540 719 5589 3.
733 5558 744 5587 ι
755 5543 908 5594 beatissimus

123 5610 136 5639 ι
146 5593 221 5644 trater
232 5601 336 5644 seierus
347 5595 379 5644 de
393 5596 581 5661 mndiscipulatu
600 5608 682 5653 nostro
693 5601 834 5656 adei-itane
844 5608 907 5658 sati·

123 5661 199 5706 Csse'
209 5653 329 5718 mm,
342 5664 389 5706 etc·
402 5673 413 5703 D

725 245 963 309 EPISTOIARUM
981 248 1117 312 (MSSTS
1135 255 1167 313 lt.

973 361 1128 421 absentibus
1139 373 1232 422 contra
1249 376 1366 424 nostiam
1380 369 1541 427 voluntatem
1556 381 1630 444 gesta
1646 373 1760 438 luctaris,

970 468 1165 523 quaereremus3
1189 458 1310 526 quedam
1334 460 1402 515 sicot
1426 462 1612 529 audieramus,
1636 465 1758 534 quadam

968 559 1031 599 sero
1045 545 1121 601 aliter
1132 545 1211 612 lacta,
1225 548 1312 602 tininia
1323 558 1410 605 tamen
1421 537 1535 607 diileitda
1547 563 1574 607 ct
1588 554 1723 609 toleranda
1736 555 1758 620 ¹,

967 644 1094 704 qtiantum
1106 636 1233 693 [ιοιιιιιιιιε
1242 638 1352 708 adjutis,
1371 642 1648 713 partimohjnrpaiido,
1660 645 1757 715 partim

966 727 1112 791 monendo,
1129 730 1223 798 partini
1238 730 1340 788 orando
1352 732 1525 789 corrosionis.
1538 735 1604 791 lllnd
1613 751 1677 792 sane
1686 735 1757 806 ιιιιιιιι

966 825 1027 885 pust
1041 825 1094 872 tute
1108 817 1261 874 Sanctitatis
1271 820 1460 889 protectionem
1473 838 1522 879 iios
1538 824 1679 894 plurimum
1692 840 1758 881 cost-

966 906 1091 975 tristaiit,
1106 908 1177 977 qitod
1193 908 1254 964 inde
1272 908 1368 966 tratres
1380 911 1439 966 siue
1453 912 1556 968 itineris
1570 914 1638 969 duce
1652 914 1755 969 dimissi

964 1004 1042 1062 sont,
1062 997 1177 1066 petimus
1200 998 1339 1069 ignoscas,
1361 1009 1388 1055 et
1407 1001 1525 1056 timidius
1546 988 1625 1072 otiam
1641 1003 1755 1058 malitio-

963 1087 1019 1144 sius
1039 1090 1136 1164 lactum
1157 1091 1236 1146 scias.
1265 1088 1331 1146 Cum
1353 1091 1425 1148 enim
1447 1102 1571 1162 psitarcnt
1594 1109 1641 1149 eos
1661 1110 1678 1149 a
1700 1094 1755 1151 lilio

963 1187 1055 1234 nostro
1068 1179 1209 1235 Timotheo
1228 1190 1369 1251 propterea
1385 1183 1471 1250 mitti,
1491 1192 1519 1238 ut
1533 1185 1559 1238 iu
1574 1199 1622 1240 nos
1638 1185 1753 1243 uranus

963 1269 1123 1327 charitatem
1138 1282 1209 1327 tuam
1226 1274 1260 1328 ad
1274 1275 1437 1329 iracundiam
1456 1285 1638 1344 provocarent,
1657 1277 1755 1333 retient

962 1368 1051 1414 autem
1072 1361 1123 1430 ipsi
1142 1371 1235 1417 nostro
1258 1362 1403 1427 adveutui,
1425 1379 1505 1434 qitem
1527 1373 1613 1420 tceum
1637 1366 1754 1421 futurum

962 1450 1123 1518 sperabant,
1138 1452 1227 1506 omnia
1241 1452 1341 1522 integra
1356 1445 1512 1521 rescrmre,
1528 1464 1686 1524 putaverunt
1700 1471 1753 1511 otia

962 1553 1009 1593 cos
1019 1538 1194 1608 prolecturus,
1209 1540 1233 1596 si
1245 1541 1339 1597 docem
1355 1542 1457 1597 itineris
1468 1559 1519 1597 non
1530 1545 1690 1614 acciperent.
1701 1544 1754 1602 Seii

963 1638 1050 1683 tamen
1063 1641 1201 1701 peccatam
1213 1646 1293 1699 esse,
1311 1632 1371 1702 qitis
1390 1633 1508 1688 dubitet?
1533 1634 1600 1689 lliuc
1618 1636 1698 1691 etiam
1713 1635 1753 1689 ta·

962 1730 1033 1774 ctuiu
1047 1731 1087 1776 est
1110 1732 1138 1777 ut
1158 1732 1183 1777 ct
1206 1722 1313 1778 Fossori
1335 1725 1484 1791 diceretur,
1507 1724 1562 1794 jam
1586 1725 1753 1782 Timotheum

962 1824 1021 1863 cuin
1042 1810 1108 1879 ipsis
1130 1810 1254 1867 iratribus
1276 1812 1358 1868 luisse
1383 1813 1545 1882 prolectum3
1568 1814 1638 1884 qtiod
1663 1816 1754 1886 utique

962 1897 1056 1954 lalsum
1068 1910 1126 1956 erat
1142 1919 1149 1957 s
1165 1916 1225 1957 oon
1233 1911 1321 1957 tamen
1335 1903 1518 1974 apresbytero
1530 1905 1645 1970 ilictom;
1660 1916 1686 1961 et
1696 1907 1754 1964 trec

963 1991 1052 2046 oiiiiiia
1066 1990 1177 2048 fratrem
1189 1992 1383 2049 carcedonium
1401 1995 1504 2063 penitus
1517 1995 1663 2064 ignorasse,
1677 1997 1755 2052 uobis

964 2080 1180 2139 uranitesitsstme
1200 2083 1365 2140 declaratum
1383 2093 1444 2151 cst,
1462 2094 1589 2156 quantum
1604 2087 1655 2141 ista
1669 2088 1755 2144 inani·

962 2168 1051 2225 lestati
1066 2172 1164 2226 solent.

996 2258 1023 2312 ι.
1040 2258 1093 2315 Sed
1104 2260 1166 2330 tpuid
1180 2261 1301 2331 pluribus
1312 2264 1503 2321 immoremur?
1516 2265 1676 2322 liemoratus
1687 2267 1755 2324 lilios

962 2358 1054 2404 noster
1066 2349 1223 2408 Timotheus
1242 2351 1476 2411 vehementissime
1498 2357 1664 2424 perturbatus
1683 2359 1755 2428 quod

962 2437 1125 2494 dubietatem
1141 2449 1195 2495 tim
1210 2441 1373 2512 inopinatam
1390 2443 1563 2501 tintnsstmus
1576 2449 1698 2512 scissent,
1714 2449 1756 2503 in·

962 2528 1060 2584 ilicailt
1084 2531 1160 2585 uobis
1184 2533 1255 2602 quod
1281 2548 1342 2589 crim
1370 2549 1462 2604 aceres
1484 2552 1545 2590 cum
1569 2537 1614 2592 illo
1637 2546 1665 2591 ot
1685 2539 1755 2608 apuil
1798 2602 1809 2618 ἢ

961 2620 1108 2676 Subsanam
1125 2623 1179 2677 beo
1192 2624 1318 2690 serviret,
1332 2626 1419 2696 erupit
1431 2635 1458 2681 ct
1469 2627 1590 2696 jairaiita
1606 2635 1631 2684 te
1646 2630 1755 2685 omniuo

962 2727 1014 2765 nou
1029 2728 1208 2769 recessurum.
1225 2715 1346 2786 Cumipie
1360 2716 1417 2786 ejus
1431 2718 1593 2773 iuluutatem
1605 2720 1755 2789 requirere·

962 2816 1022 2855 mus
1032 2818 1045 2869 ,‘
1063 2804 1245 2874 respondisse
1261 2805 1311 2860 hac
1325 2807 1459 2876 juratione
1473 2809 1595 2878 impediri
1613 2811 1755 2880 quominus

960 2893 995 2948 ibi
1007 2904 1079 2949 esset
1093 2896 1136 2950 ubi
1156 2911 1217 2951 eum
1239 2911 1300 2953 esse
1318 2901 1397 2953 ctiam
1411 2907 1489 2955 antea
1503 2899 1676 2968 volebamus3
1693 2918 1753 2958 cina

958 2983 1013 3053 jam
1029 2986 1176 3054 praesertim
1192 2986 1227 3042 de
1240 3000 1297 3042 sou
1309 2987 1438 3043 libertatis
1450 2988 1665 3046 niaiiilestatioue
1678 3005 1754 3047 secu·

960 3075 1064 3129 tussit.
1087 3072 1206 3145 Ciinique
1219 3076 1256 3130 illi
1277 3077 1475 3147 aperuissemus
1490 3094 1543 3134 oon
1562 3094 1623 3135 euni
1638 3081 1754 3137 iutuium

959 3164 1069 3234 perjurii
1091 3181 1177 3229 reum,
1197 3166 1219 3219 si
1233 3180 1286 3221 non
1300 3182 1346 3235 per
1362 3167 1458 3236 ipsum,
1473 3169 1521 3224 scd
1538 3184 1585 3239 per
1601 3180 1625 3225 te
1637 3169 1713 3227 deret
1726 3182 1753 3228 ut

960 3264 1070 3326 propter
1083 3257 1219 3312 vitandum
1234 3257 1387 3312 scandalum
1404 3267 1492 3313 tecum
1506 3274 1567 3315 csse
1582 3276 1634 3316 tion
1648 3272 1752 3332 possct;

959 3345 1174 3415 quandoquidem
1185 3361 1237 3401 non
1250 3346 1284 3401 de
1296 3355 1339 3401 tua
1349 3348 1494 3411 voluntate,
1506 3349 1552 3404 scd
1565 3350 1654 3405 desua
1662 3351 1753 3421 jurare

960 3437 1084 3504 potuerit,
1099 3452 1149 3491 nee
1163 3445 1188 3491 te
1199 3436 1249 3491 sibi
1260 3437 1375 3491 licissim
1389 3437 1486 3507 aliquid
1500 3438 1604 3506 jairasse
1616 3440 1753 3497 confessus

960 3527 1009 3590 sit,
1031 3527 1063 3582 ad
1076 3536 1223 3583 extremum
1236 3527 1319 3594 dixit,
1344 3528 1414 3597 quod
1429 3543 1534 3584 serium
1553 3530 1610 3597 Dei,
1626 3531 1752 3589 Ecclesia·
1818 3600 1824 3606 ‚

961 3617 1063 3684 lilium,
1089 3618 1179 3674 dicere
1199 3618 1356 3688 oportebat,
1379 3618 1505 3691 quidquid
1525 3622 1602 3677 nobis
1625 3638 1685 3678 cum
1708 3633 1752 3679 tua

960 3708 1105 3764 Ssitictitate
1116 3708 1149 3764 dc
1160 3708 1205 3763 illu
1221 3709 1276 3764 lteri
1293 3708 1449 3779 placuisset,
1464 3710 1490 3765 id
1505 3725 1535 3766 se
1545 3711 1692 3767 sinedubio
1706 3727 1752 3769 ss·

960 3808 1093 3853 cittiirum.
1110 3798 1224 3854 Proinde
1237 3799 1370 3868 petimus,
1385 3810 1412 3854 et
1425 3800 1640 3870 peculiaritatem
1654 3801 1752 3859 Christi

959 3893 1129 3948 obsecramus
1143 3891 1308 3962 prudentiam
1322 3900 1411 3959 tuam,
1431 3900 1459 3946 ot
1471 3893 1589 3947 omnium
1602 3908 1661 3963 qliae
1670 3893 1752 3949 locuti

960 3998 1052 4039 sitinus
1075 3983 1247 4050 meruissetis,
1273 3992 1299 4036 et
1320 3982 1456 4051 rescriptis
1478 3981 1531 4037 tuis
1553 3996 1602 4038 nos
1621 3983 1750 4039 tetttees.

961 4075 1092 4131 behemos
1103 4074 1173 4129 enini
1185 4088 1233 4128 nos
1246 4073 1376 4128 tirmiores
1388 4072 1422 4145 (si
1433 4082 1519 4128 mineo
1529 4073 1599 4128 inter
1613 4081 1684 4128 tauta
1695 4085 1752 4130 ten·

961 4168 1089 4223 tatianum
1105 4165 1221 4236 pericula
1230 4164 1319 4219 dicere
1332 4163 1383 4218 hoe
1395 4162 1545 4220 audendum
1560 4164 1622 4235 est),
1634 4166 1701 4221 sicot
1714 4167 1752 4222 ait

960 4257 1114 4327 apiostolus,
1127 4256 1291 4311 intirmorum
1308 4269 1389 4310 ouem
1402 4255 1533 4310 sustincte
1552 4256 1695 4329 (Rooi.si,
1711 4259 1749 4330 ι).

960 4348 1056 4403 Frater
1075 4345 1232 4402 Timotheus
1249 4345 1309 4400 ideo
1329 4359 1380 4399 tion
1402 4345 1508 4416 scripsit
1528 4344 1667 4402 sanctitati
1687 4358 1749 4414 titio,

960 4437 1445 4509 quiaoioiiiaquegestasoutsanctus
1459 4433 1750 4509 iratertuussignillsa·

961 4529 1007 4583 vit.
1021 4527 1223 4592 liemornostri,
1237 4526 1264 4582 in
1277 4526 1389 4581 homino
1395 4524 1527 4596 glorieris,
1539 4526 1646 4583 domine
1655 4528 1751 4585 beatis·

960 4618 1027 4675 sime
1038 4627 1066 4674 et
1076 4617 1263 4674 venerabiliter
1270 4615 1425 4671 citatissime
1432 4625 1459 4671 et
1470 4617 1649 4673 sincerissime
1658 4617 1749 4675 irater.

1184 4715 1346 4772 [alsiosa
1363 4716 1442 4772 tltttt
1458 4715 1510 4788 (a).

961 4800 1073 4856 Rursum
1087 4799 1120 4853 tie
1135 4798 1264 4853 Timotheo
1277 4799 1321 4868 nui
1334 4806 1464 4866 postquem
1471 4799 1583 4866 jurasset
1596 4815 1647 4853 sis
1657 4800 1749 4857 Seuero

996 4905 1047 4943 aori
1060 4903 1232 4954 recessuram,
1253 4887 1385 4940 osdiautui
1397 4889 1480 4955 [wat
1497 4885 1665 4941 subdiaconati
1680 4889 1751 4959 apitii

996 4980 1140 5037 soterem
1153 4979 1181 5033 in
1198 4978 1298 5031 diecesi
1313 4976 1473 5047 llippeuciiss'
1487 4995 1495 5030 ε
1512 4980 1559 5032 lios
1573 4990 1663 5049 preter
1676 4996 1751 5036 satoris

995 5073 1148 5128 uoluntatem
1167 5071 1263 5142 {misus
1277 5085 1330 5124 esse
1353 5078 1458 5123 testatur
1472 5069 1644 5141 Aspastinas5
1661 5070 1750 5128 Timo-

997 5165 1083 5220 tticum
1092 5172 1174 5218 tamesi
1186 5178 1259 5232 quem
1269 5161 1303 5215 sd
1313 5160 1435 5217 Seuerum
1448 5162 1530 5215 redire
1539 5160 1627 5225 soluit,
1638 5163 1751 5219 dolaret

997 5256 1096 5311 lectorii
1111 5255 1190 5327 officio
1205 5254 1262 5327 joni
1276 5253 1484 5322 intepretatum
1499 5252 1549 5322 ipsi
1565 5254 1749 5325 jttsautciitsot,

995 5349 1109 5420 [saetam
1133 5347 1210 5420 {aime
1232 5347 1259 5400 in
1282 5345 1393 5399 eeclesiis
1414 5344 1546 5399 dioceseos
1567 5343 1748 5418 Hipponensis,

995 5444 1105 5509 adeoque
1118 5442 1166 5496 iiii
1178 5439 1361 5495 reatittendom.

993 5545 1000 5576 ¹
1015 5551 1080 5600 tot,
1091 5546 1115 5592 st
1132 5538 1245 5591 tollendo.
1258 5545 1285 5587 at
1295 5544 1359 5598 llos,
1370 5543 1394 5588 et
1405 5522 1538 5589 tolerastis.

960 5605 1033 5730 pagg
1044 5601 1268 5728 lsgzakssffulgrizopffi·
1280 5607 1361 5650 autetu
1383 5600 1414 5651 (ιδ
1435 5607 1503 5663 etat,
1526 5611 1590 5650 nuuc
1603 5597 1640 5651 lb.
1660 5608 1750 5693 serus
