3906 6390
159 280 191 342 li
769 282 772 287 ’
871 285 1062 343 enecatio.
1534 332 1539 345 ,
1596 320 1603 328 -
1767 303 1802 359 qq

157 412 260 454 eertum
276 405 380 468 terimus
393 413 446 467 pre
460 413 488 453 se
503 398 578 453 ierat.
594 399 631 453 Ex
654 399 703 453 irae
723 413 802 470 porro
815 398 993 470 quadruplicis
1006 401 1098 455 classis
1113 400 1281 460 distinetione
1302 405 1327 459 id
1342 409 1473 462 einarmmdi
1486 411 1605 479 eueniet,
1623 419 1699 482 quod
1715 431 1800 475 antea

157 487 380 554 olueruabamus,
402 496 431 541 nt
453 486 681 542 studiosusiecior
703 503 734 543 ea
749 502 807 558 quae
822 487 854 541 ad
875 487 990 541 haereses
1005 488 1199 545 Donatistarum
1221 500 1248 547 et
1267 493 1466 563 Pctagtamrmn
1487 499 1637 568 pertinent,
1661 518 1720 559 uno
1742 505 1800 562 iere

156 586 299 646 crarrspretu
311 592 342 632 ae
357 586 448 632 tenore
458 577 595 647 percipiat.

193 667 291 723 beinde
304 667 452 724 menendus
462 675 503 722 est
516 668 601 723 lector
613 668 755 724 nammilos
768 677 907 734 tractatus,
920 670 964 740 qui
975 668 1104 725 hactenus
1118 669 1145 724 in
1161 670 1336 741 Epistularum
1348 672 1468 728 ordinem
1482 675 1555 729 retati
1570 686 1641 742 sunt,
1657 677 1721 734 loeo
1735 696 1798 737 ιιι-

155 768 197 812 ιοι
210 773 225 813 ι
238 757 316 814 asabis
327 773 382 812 nan
393 757 485 823 luisse,
506 758 609 812 tametsi
625 758 651 813 id
666 772 718 813 nen
734 757 800 813 ieris
812 758 940 814 momenti
952 759 1069 815 ιιιιιιιι
1080 758 1192 814 suadete
1211 759 1375 815 videbantur.
1390 759 1418 815 ln
1431 777 1463 816 eo
1476 777 1574 832 genere
1589 772 1631 819 est
1651 766 1797 835 publicu·

155 849 218 904 iliud
237 848 459 915 instrumentum,
475 862 528 918 qua
542 848 675 903 Eraciium
688 848 803 903 loturum
825 848 875 903 sibi
888 861 1070 903 successorem
1083 847 1205 918 designat
1217 849 1391 918 Augustinus,
1412 860 1509 918 preter
1528 852 1629 922 aliquot
1642 855 1797 923 prolixiora

153 938 298 1009 «muscula,
314 954 375 1009 que
388 937 422 992 ab
435 938 492 1009 ipso
516 937 541 992 in
557 936 797 992 lletractationibus
818 946 960 992 censentur
973 936 1043 991 inter
1054 934 1145 991 libros.
1166 936 1194 990 id
1208 951 1299 991 veroa
1316 937 1392 992 uobis
1407 939 1552 1007 prestitum
1568 940 1722 1008 baudinis,
1738 959 1798 1015 quo

154 1031 194 1085 uei
209 1031 249 1085 sic
263 1030 391 1084 lectarum
405 1027 556 1094 commodo,
570 1037 697 1098 quantum
717 1028 756 1082 ias
767 1034 853 1091 esset,
868 1025 1061 1081 consuleretur.
1078 1025 1175 1080 i'erura
1191 1025 1256 1080 nibil
1268 1025 1445 1081 cunctandum
1465 1028 1631 1095 censaiums,
1645 1030 1713 1101 quin
1726 1032 1796 1102 reji-

154 1130 263 1176 ceretu·
275 1120 300 1174 in
311 1118 490 1191 Appendieem
507 1118 611 1188 uulgata
626 1118 670 1173 ilia
684 1117 827 1172 Altercatio
839 1131 899 1170 cum
913 1114 1067 1181 i’aseeniie,
1080 1129 1139 1184 qme
1152 1129 1268 1169 cussum
1281 1114 1469 1170 numerabatur
1481 1116 1549 1170 inter
1563 1117 1707 1188 Augustini
1726 1121 1797 1192 Epi-

154 1211 247 1264 stoias.
262 1209 335 1263 lianc
348 1207 418 1263 euim
431 1207 624 1279 supposititiam
638 1220 699 1263 essa
718 1204 863 1261 manifestis
874 1212 978 1260 canstat
994 1203 1172 1274 argumentis,
1185 1217 1244 1273 qum
1258 1202 1285 1258 in
1300 1203 1489 1259 Admonitione
1510 1202 1596 1261 cidem
1610 1206 1796 1267 Altereriioni

155 1297 265 1369 praelixa
282 1296 428 1353 retulimus·

192 1386 323 1442 lectores
337 1401 394 1442 rem
411 1395 511 1458 gratam
525 1387 668 1456 utilemque
679 1385 803 1442 studiosis
815 1385 930 1441 iacturas
945 1399 994 1440 nos
1011 1385 1130 1442 arbitrati
1143 1399 1250 1451 sumus,
1266 1385 1289 1440 si
1311 1384 1438 1455 quasdam
1452 1385 1504 1441 huc
1518 1402 1708 1446 revocaremus
1722 1382 1794 1463 Epr-

156 1476 252 1541 stolas,
268 1490 320 1530 arou
333 1476 419 1530 solum
432 1491 498 1546 quas
511 1475 673 1546 Augustinus
685 1478 792 1532 nomine
805 1490 856 1530 sue
874 1476 945 1530 misit
958 1474 992 1530 ad
1005 1476 1081 1539 aiios,
1097 1475 1143 1530 sed
1158 1491 1190 1530 es
1206 1476 1257 1529 iliis
1274 1476 1354 1530 etiarn
1366 1492 1425 1545 qnae
1437 1476 1470 1532 ad
1485 1477 1570 1548 ipsum
1582 1494 1596 1531 a
1610 1481 1707 1537 multis
1721 1496 1790 1539 saint

155 1563 272 1617 directae.
286 1560 331 1618 Sic
346 1561 450 1618 Tiruasii
461 1571 484 1617 et
494 1562 595 1629 larabi,
609 1564 648 1618 sie
661 1563 769 1618 llertarii
780 1575 803 1619 et
817 1564 950 1619 Titeadaeii
962 1563 1157 1633 imperatorum,
1172 1564 1349 1631 Quadouitdei,
1363 1565 1495 1635 Prosperi,
1513 1567 1607 1623 lliiarii
1616 1579 1700 1641 atque
1713 1576 1792 1629 Ana·

153 1653 224 1724 arpini
234 1653 268 1708 ad
281 1653 455 1724 Augustinum
469 1653 587 1708 litteras:
601 1654 640 1708 sie
652 1662 679 1709 et
691 1654 726 1709 ab
739 1654 797 1724 ipse
808 1653 885 1709 alatas
897 1654 931 1707 ad
944 1653 1096 1725 Pelopiam,
1111 1657 1145 1708 ad
1160 1655 1351 1723 simplicianum
1366 1656 1400 1712 de
1414 1673 1493 1726 opem
1505 1659 1555 1728 ipsi
1567 1659 1666 1727 dicato,
1680 1666 1719 1717 ud
1734 1668 1791 1721 Au.

155 1744 260 1810 retium,
279 1742 313 1796 ad
332 1740 474 1809 lauriana,
489 1742 524 1796 ad
537 1741 687 1808 Claudium,
702 1742 737 1797 ad
750 1741 951 1808 Quadauitdeum
963 1758 1043 1812 super
1060 1741 1134 1797 libris
1148 1758 1240 1798 eorum
1258 1744 1364 1799 rtarrrins
1383 1746 1557 1815 nuncupatis,
1577 1762 1637 1817 quse
1649 1747 1695 1803 iaie
1709 1762 1792 1811 attica

154 1833 382 1901 desiderabantur,
397 1846 446 1889 suo
464 1831 618 1888 inserendas
637 1833 696 1888 loce
714 1833 865 1888 caramerus
877 1848 884 1887 ι
898 1832 936 1886 uti
948 1839 976 1887 et
992 1831 1181 1886 catholicorum
1201 1831 1385 1902 episcoporum
1402 1833 1529 1904 rescripta
1551 1835 1585 1889 ad
1603 1833 1810 1905 Marcellinum,

154 1924 300 1988 tribunum,
310 1924 449 1978 occasione
461 1922 608 1978 collationis
620 1922 845 1993 carthaginensis,
867 1935 969 1977 necnon
982 1921 1126 1991 Epistulam
1139 1920 1173 1974 ιι
1187 1918 1325 1975 l'raculum
1346 1930 1369 1976 et
1386 1920 1529 1991 Cyllanium
1546 1922 1700 1980 Gallicanas
1713 1930 1789 1983 anti·

153 2015 229 2072 stites
248 2012 353 2083 Leporii
370 2026 448 2067 causa
466 2011 648 2066 transmissam
660 2029 667 2066 r
681 2027 740 2081 quae
759 2010 882 2065 airrrirum
895 2009 993 2079 scripta
1006 2025 1058 2064 aron
1078 2009 1165 2064 minus
1179 2024 1226 2078 pro
1240 2008 1310 2063 ueris
1328 2024 1360 2063 ac
1378 2010 1512 2080 germanis
1526 2009 1666 2079 Augustini
1686 2005 1790 2072 ictibus

155 2101 273 2157 itabeuda
287 2111 358 2169 ιιιι,
372 2116 450 2172 qnam
464 2100 589 2171 Epistulae
609 2101 660 2155 itia
672 2099 886 2170 Cartlraginensis
898 2115 929 2154 ae
944 2097 1100 2154 llilesitanm
1112 2099 1206 2172 synodi
1219 2102 1326 2155 nomine
1342 2099 1376 2152 ad
1389 2099 1564 2155 innocentium
1576 2101 1705 2172 directae,
1718 2121 1788 2178 quas

117 2193 128 2205 '
152 2193 189 2248 nti
201 2192 255 2248 aS.
271 2193 383 2247 [lectore
395 2191 506 2247 dictatas
515 2205 576 2247 cum
589 2191 649 2246 airis
661 2189 718 2260 ejus
731 2191 855 2260 Epistoiis
867 2205 961 2245 omines
975 2190 1113 2261 recipiunt.

190 2285 247 2341 lirrc
262 2300 325 2340 sero
338 2285 417 2339 ctiam
425 2282 590 2339 reuocandus
602 2290 660 2338 erat
672 2282 812 2338 l'ractatus
823 2282 854 2336 de
865 2283 929 2336 iana
946 2280 1088 2346 viduitatis,
1104 2281 1153 2335 nisi
1168 2280 1193 2334 id
1210 2281 1388 2349 probibuissct
1401 2296 1464 2335 usus
1477 2279 1634 2351 jampridem
1644 2296 1784 2355 receptus,

152 2379 197 2448 qui
211 2376 280 2431 Libri
292 2378 396 2432 titulum
409 2379 433 2433 ei
444 2379 572 2448 assignat,
586 2379 688 2434 tametsi
701 2393 762 2432 uera
776 2378 810 2432 sit
823 2376 962 2446 Augustini
975 2376 1010 2429 ad
1022 2375 1152 2429 lulianam
1168 2374 1302 2443 Epistola,
1321 2388 1406 2444 eoque
1420 2374 1525 2429 notariae
1536 2374 1607 2428 trulla
1623 2377 1683 2446 ejus
1697 2394 1781 2448 precu-

157 2468 233 2524 liaris
243 2469 343 2523 mentio
356 2469 382 2523 in
394 2470 620 2525 detractationem
636 2469 712 2525 libris
724 2468 861 2524 habeatur.
881 2466 1006 2537 Ejusdem
1016 2464 1174 2521 eatnditionis
1186 2474 1227 2518 est
1238 2479 1269 2518 ca
1281 2463 1398 2533 Epistola
1410 2478 1486 2532 quam
1501 2465 1529 2519 S.
1546 2464 1643 2519 [lector
1654 2464 1777 2521 firielilms

155 2559 191 2613 ad
203 2574 257 2614 ιιι
268 2558 462 2630 ιιιριιιιιιιοιιι
475 2575 563 2613 euram
577 2560 753 2629 pertinentibus
765 2558 871 2629 scripsit
882 2566 975 2612 contra
989 2557 1160 2622 batilianum,
1174 2570 1233 2624 qnae
1249 2555 1282 2609 ab
1292 2554 1428 2624 Augustini
1443 2562 1580 2624 tempore,
1596 2556 1672 2612 sicuti
1684 2557 1709 2609 in
1722 2557 1770 2611 lib.

156 2647 426 2713 Elictractatiouum,
440 2663 466 2703 e.
481 2648 526 2715 25,
540 2655 660 2713 testatur,
670 2648 764 2717 prioris
776 2646 902 2702 adversus
915 2644 1033 2715 ejusdem
1046 2644 1161 2699 baeretici
1173 2644 1285 2699 Litteras
1302 2643 1361 2698 libri
1377 2644 1463 2698 locum
1475 2643 1597 2699 obtinuit.
1617 2645 1775 2701 Occurrebat

158 2745 287 2807 praeses
309 2735 447 2791 Secundini
463 2735 599 2790 llanieiml
620 2735 653 2790 ad
666 2735 841 2806 Augustinum
857 2732 994 2803 Epistola,
1015 2748 1075 2804 quae
1094 2742 1123 2787 ut
1146 2731 1212 2786 niiril
1232 2732 1349 2786 continet
1369 2732 1553 2788 obseruatione
1575 2732 1685 2804 dignum
1706 2736 1779 2806 qtrod

160 2824 325 2880 eruditorum
339 2824 424 2881 oculis
434 2825 529 2880 merito
539 2824 703 2895 sarbjiciaiur,
718 2824 808 2879 relicta
821 2832 862 2879 est
872 2824 899 2877 in
908 2830 983 2879 sexte
996 2822 1244 2893 Augustiuianorom
1254 2836 1365 2892 operum
1380 2830 1461 2890 tomo,
1477 2823 1511 2877 ob
1522 2822 1547 2878 id
1560 2824 1780 2897 solutnlegcntla,

158 2924 188 2970 ιι
200 2930 231 2970 ιι
242 2914 346 2984 plenius
358 2914 537 2985 intelligantur
549 2930 609 2984 qum
623 2914 678 2969 iilic
688 2913 815 2969 aduersus
825 2911 967 2970 Secundini
978 2926 1083 2969 errores
1092 2913 1208 2984 disputat
1219 2912 1389 2982 Augustinus.

193 3004 284 3074 Neque
301 3018 365 3058 rcro
385 3003 470 3059 editas
489 3002 618 3059 duntaxat
637 3002 770 3073 Epistulas
793 3000 959 3068 remidimus3
979 3000 1026 3056 sed
1046 3016 1127 3057 noras
1149 3001 1248 3071 aliquot
1267 3000 1345 3070 prirni
1368 2999 1461 3055 damus
1481 3001 1507 3056 in
1526 3000 1611 3057 lucem
1625 3003 1783 3073 :inquibus

158 3095 274 3151 ιιιιιιὶι
291 3092 430 3164 Augustini
445 3101 500 3149 turn
522 3092 669 3163 presbgteri
689 3091 800 3162 insignis
818 3090 853 3146 ad
870 3090 994 3162 Alypium
1014 3092 1165 3162 episcopum
1184 3090 1389 3160 Thagastenscm
1404 3090 1541 3161 Epistola,
1555 3091 1631 3162 entim
1651 3108 1782 3165 perqnaat
1829 3085 1832 3092 ’

156 3183 289 3255 egregimn
302 3191 343 3238 est
362 3191 557 3252 argumentum.
576 3179 634 3236 iarn
650 3179 751 3251 pridem
766 3178 976 3235 Christianorum
993 3178 1114 3234 conuiuia
1127 3178 1396 3248 'eirnpotationesqae
1409 3179 1436 3233 in
1447 3180 1563 3237 basilicis
1581 3181 1659 3236 sataii
1674 3193 1782 3237 saincte-

155 3288 214 3327 rum
228 3271 272 3327 die
294 3270 350 3326 iicri
370 3270 489 3325 salitase
509 3268 598 3325 medie
619 3269 712 3324 toliere
729 3267 864 3339 satagebat
881 3266 1052 3338 Augustinus.
1079 3267 1142 3336 Eius
1162 3266 1231 3322 barre
1250 3268 1277 3322 in
1296 3283 1351 3322 rear
1366 3268 1445 3322 rerba
1458 3276 1520 3323 sunt
1533 3270 1558 3325 iu
1573 3270 1657 3340 Epist.
1674 3286 1730 3327 xxrr
1744 3274 1779 3328 ad

154 3359 308 3426 Aurelium,
322 3374 350 3415 n.
365 3359 383 3414 5
396 3375 403 3411 :
418 3357 588 3428 Auferendum
600 3367 635 3413 ιιι
649 3358 747 3413 nralum
765 3371 936 3427 surrepere,
950 3357 993 3412 red
1004 3357 1067 3411 deut
1077 3357 1196 3427 scriptum
1209 3366 1255 3422 est,
1269 3357 1295 3411 in
1304 3357 1395 3426 spiritu
1412 3357 1520 3413 lenitatis
1531 3360 1554 3412 et
1568 3360 1775 3415 naanmetadinie.

156 3451 217 3507 lion
231 3451 341 3518 duriter,
356 3465 407 3504 nau
416 3447 491 3503 mado
502 3449 635 3519 imperiosa
647 3449 696 3504 istu
709 3449 848 3512 tolluntur:
861 3448 941 3518 ιιιιιι
954 3449 1075 3502 manenda
1089 3462 1165 3517 quarn
1174 3447 1302 3502 minanda.
1318 3448 1362 3504 Sic
1372 3449 1438 3503 enim
1451 3450 1576 3520 agendum
1589 3460 1627 3507 ιιι
1637 3465 1691 3503 esar
1707 3451 1774 3504 urai·

151 3543 260 3599 titudine
271 3542 435 3613 peecautium.
455 3540 550 3595 Narrat
561 3555 626 3611 ergo
641 3541 685 3593 bic
701 3539 923 3608 quemadmodum
937 3553 984 3606 per
998 3548 1052 3593 tres
1064 3539 1131 3602 dies,
1149 3538 1356 3608 nominatimque
1368 3539 1396 3594 ia
1407 3539 1509 3595 Leontii
1522 3542 1603 3596 natali
1615 3540 1669 3608 die,
1681 3549 1774 3595 aucto·

154 3633 273 3687 riaadbns
285 3646 317 3686 es
330 3630 417 3684 «lirina
432 3629 567 3700 Scriptura
580 3629 684 3698 petitis,
700 3638 754 3682 tum
775 3627 915 3698 precibus,
936 3624 1040 3681 letibus
1052 3641 1083 3680 ae
1099 3626 1222 3696 inerprnis
1234 3627 1304 3696 apud
1318 3627 1462 3684 solemnem
1481 3631 1636 3686 concionem
1650 3632 1774 3698 instabat,

154 3722 224 3778 iuda
237 3729 267 3775 ut
281 3720 369 3775 Ιιιιιι
388 3719 551 3773 ιοιιιιιιιο
565 3720 598 3775 ab
613 3718 732 3773 Ecctmiu
753 3718 934 3774 eliminaretur
948 3734 956 3771 ι
969 3731 1028 3786 qum
1051 3719 1094 3773 rabi
1118 3733 1260 3788 'raucorum
1286 3734 1393 3775 morere
1416 3721 1519 3777 animes
1541 3721 1691 3789 intellexit,
1715 3741 1779 3783 mox

155 3811 260 3868 acriore
273 3807 360 3863 studio
370 3807 421 3862 alia
433 3816 513 3877 atque
526 3807 578 3862 alia
588 3807 699 3877 subjecit
712 3806 896 3871 hortamenta,
915 3812 943 3859 et
955 3804 1078 3875 imperatu
1090 3807 1202 3860 aratione
1217 3807 1319 3871 piorum
1338 3807 1462 3877 sandragia
1475 3809 1613 3876 adbibuit;
1628 3812 1668 3869 sie
1680 3822 1710 3869 nt
1723 3814 1780 3870 lieo

155 3900 272 3953 donante
289 3895 393 3952 tarrdem
409 3895 676 3967 acompotationibus
694 3894 752 3951 istis
771 3903 902 3950 cessatum
925 3892 1014 3949 luerit.
1039 3895 1110 3951 inter
1130 3895 1180 3950 alia
1203 3910 1266 3950 nero
1285 3911 1344 3966 qun
1362 3897 1404 3952 iric
1425 3899 1574 3954 referuntur
1593 3903 1780 3961 ecclesiastieae

156 3988 303 4061 discipline
317 3995 505 4051 monumenta,
528 3985 636 4041 notandi
649 3984 715 4040 ritus
729 3984 755 4040 in
768 3993 919 4041 sanctorum
936 3983 1147 4040 solemnitatibus
1169 3996 1223 4040 tum
1245 3987 1377 4056 usurpati,
1398 4003 1493 4059 nempe
1516 4005 1604 4046 sermo
1623 3991 1729 4051 babitus
1741 3992 1777 4050 ad

155 4089 297 4158 poputum
311 4102 394 4143 sacrae
409 4086 535 4142 lectiones
547 4095 574 4141 et
586 4083 749 4140 Psalramum
762 4080 908 4137 modulatio
922 4081 1031 4136 alternis
1050 4080 1151 4136 uicibus
1163 4081 1300 4150 repetitoe;
1315 4091 1371 4134 acta
1387 4079 1531 4153 impertita
1544 4098 1629 4152 saera,
1642 4098 1701 4156 qun
1710 4103 1773 4158 qae-

36 4210 45 4219 ·
155 4178 217 4234 tidie
229 4179 357 4237 celebrari
372 4178 498 4234 solerent.

191 4268 325 4326 Pmdeuut
343 4267 423 4325 simui
444 4281 460 4322 e
476 4266 592 4323 tenebris
608 4264 666 4321 alim
682 4265 760 4330 duae,
785 4264 880 4335 quibus
898 4279 1025 4320 numerus
1040 4263 1214 4332 Epistularum
1232 4263 1369 4334 Augustini
1391 4262 1425 4317 ad
1443 4263 1580 4320 Paulinum
1592 4264 1734 4324 liniensem
1748 4269 1778 4325 lat

77 4382 85 4396 ·
157 4358 269 4415 l’assidii
281 4357 368 4414 indice
382 4365 525 4412 aarnotatus
537 4356 704 4426 completur;
726 4355 860 4410 breuiores
878 4352 983 4423 quidem
999 4353 1067 4419 iiim,
1088 4353 1134 4409 sed
1148 4353 1300 4409 christianae
1318 4353 1422 4423 pictatis
1435 4367 1467 4408 ae
1485 4353 1676 4412 beatemleutim
1693 4372 1776 4415 ιιιιιι

153 4445 324 4515 plenissimae.
349 4443 395 4498 liis
414 4444 516 4498 tantini
538 4444 638 4498 litteras
652 4453 678 4499 et
691 4443 847 4513 opuseulum
863 4451 954 4497 cantra
967 4443 1102 4512 lagenos,
1115 4442 1184 4511 quod
1196 4443 1230 4496 ab
1242 4442 1299 4511 ipsu
1318 4442 1448 4498 elaborari
1460 4443 1588 4501 didicerat
1600 4445 1774 4518 Augustinus,

155 4530 346 4588 ardentissimis
360 4531 428 4585 totis
437 4540 564 4601 expetere
578 4544 607 4586 sc
616 4538 788 4586 contestatur.

192 4622 321 4677 Prolixior
334 4620 514 4691 insigniorque
526 4631 568 4676 est
581 4620 614 4676 ad
628 4621 803 4676 biercatorem
817 4621 944 4691 Epistola,
959 4635 991 4676 ex
1005 4620 1081 4676 tertia
1096 4630 1169 4691 pmrte
1181 4620 1246 4676 alirn
1260 4622 1376 4678 exbibita
1389 4625 1414 4678 in
1427 4624 1474 4680 lib.
1488 4624 1522 4680 ad
1535 4625 1687 4696 baleitium,
1703 4642 1775 4685 nune

154 4722 243 4767 aretem
257 4709 370 4779 prinmm
383 4724 417 4764 cx
438 4709 541 4778 integro
553 4709 613 4763 data
629 4723 706 4778 :quae
720 4717 749 4762 ut
760 4723 869 4778 peracre
881 4708 1034 4764 llereatoris
1047 4709 1198 4779 ingenium,
1220 4712 1255 4765 ita
1276 4710 1437 4782 singularem
1458 4714 1615 4770 modestiam
1634 4716 1776 4788 Augustini

154 4798 241 4868 prodit
251 4838 260 4865 ,
272 4798 317 4868 qui
331 4808 532 4854 succensentem
546 4796 618 4868 quod
628 4797 678 4853 sibi
693 4811 746 4852 non
759 4796 952 4867 rescripsisset,
968 4797 1064 4866 accipit
1074 4799 1278 4867 gratantissime.
1292 4799 1428 4856 lionrrdus
1443 4802 1468 4858 in
1483 4818 1515 4859 ea
1528 4806 1767 4862 controversiarum

156 4895 224 4948 irrter
238 4890 435 4955 Gatianlieoset
454 4890 608 4960 Pelagianos
628 4898 729 4954 stanes,
752 4889 823 4958 qnod
842 4888 875 4943 ad
895 4889 1065 4959 quaestionem
1078 4889 1112 4945 de
1125 4889 1259 4961 Baptismo
1278 4892 1448 4960 parvulorum
1464 4907 1495 4948 ac
1514 4892 1548 4949 de
1562 4903 1648 4952 morte
1665 4906 1774 4964 peemta

155 4984 281 5039 retributa
294 4982 423 5053 pertinet,
440 4981 540 5051 liquido
551 4981 708 5052 erpticatus.
723 4978 843 5036 uanum
855 4980 944 5036 itidem
958 4980 1059 5051 epeclaa
1077 4980 1234 5036 Litterarum
1247 4982 1386 5051 Augustini
1398 4981 1433 5038 ad
1445 4982 1547 5038 sisium
1561 4992 1589 5040 et
1604 4985 1637 5040 ad
1650 4982 1772 5043 leesti·

154 5090 216 5128 num
231 5075 372 5130 diaconum
387 5071 430 5127 bie
442 5071 559 5126 delinita.
574 5070 627 5127 Sed
640 5072 705 5127 iilud
718 5071 846 5140 inprimis
859 5069 1158 5140 obseruationedignum
1171 5080 1222 5135 cst,
1236 5069 1307 5141 qued
1318 5085 1350 5125 ex
1365 5071 1457 5127 eadem
1468 5072 1580 5142 epistola
1590 5073 1770 5146 intelligimus,

152 5176 248 5232 rrerrrpe
259 5163 403 5219 catholicos
422 5162 565 5231 scriptores
578 5168 651 5215 extra
663 5157 780 5215 aruum
793 5157 893 5227 positos
907 5172 955 5213 sua
971 5157 1118 5228 Augustino
1134 5159 1249 5228 scripta,
1267 5171 1327 5226 quaa
1339 5157 1466 5215 adsersus
1478 5160 1633 5231 Pelagianos
1646 5162 1770 5231 edebant,

152 5249 265 5320 dirigere
281 5251 374 5307 soiitos
392 5248 484 5305 luisse.
500 5247 590 5318 fluitis
604 5247 710 5317 quitlem
733 5245 773 5301 rei
790 5244 969 5314 conjecturam
990 5261 1086 5316 capere
1107 5246 1203 5302 licebat
1218 5261 1250 5301 ea
1264 5234 1384 5304 breuiore
1398 5249 1430 5304 ad
1449 5250 1552 5307 sixtum
1574 5252 1736 5321 Epistulam.
1750 5271 1769 5308 ι.

157 5337 254 5389 lerum
269 5336 294 5390 id
314 5337 393 5405 iunge
406 5338 504 5393 certios
514 5336 598 5405 liquet
610 5349 643 5390 es
656 5336 698 5389 bis
709 5332 847 5401 Augustini
860 5332 948 5389 serbis
962 5334 994 5388 ad
1010 5334 1183 5390 desertorem
1201 5352 1207 5386 ι
1223 5334 1278 5407 Epa
1289 5336 1371 5408 itaque
1383 5349 1415 5405 te,
1430 5339 1467 5408 fili
1480 5341 1647 5412 dilectissime,
1660 5345 1768 5400 ιιιιιιι·

154 5435 203 5478 tent
216 5426 278 5476 rraiiti
289 5424 326 5476 uei
339 5425 372 5475 ad
383 5440 422 5477 nte
439 5425 620 5478 consideranda
632 5433 673 5479 ιιιι
685 5422 781 5493 scriptu
792 5420 938 5487 rarittenteru,
952 5422 1017 5476 absit
1027 5435 1054 5478 ut
1065 5425 1216 5496 nepiiqeaier
1225 5427 1363 5496 acciperat,
1376 5441 1427 5485 etc.

190 5516 248 5576 ianm
264 5528 326 5568 sero
340 5512 367 5567 ia
384 5514 464 5569 iaccc
476 5514 592 5571 editione
605 5514 674 5585 capi
686 5511 826 5584 ιιιιιιιι,
846 5525 906 5580 que
928 5515 1065 5583 paucasin
1084 5515 1218 5586 Epistulas
1236 5517 1346 5577 antebac
1365 5519 1477 5577 inductae
1490 5532 1586 5592 erant,
1607 5533 1770 5590 retinentur
