3906 6390
237 392 326 463 inquit,
343 392 463 460 epatres,
476 403 518 443 sos
529 385 597 441 scitis
610 400 728 456 montom
739 383 769 438 ab
782 383 889 454 antiquis
901 381 987 436 dicbus
996 379 1022 434 in

239 481 310 537 nobis
330 481 402 552 clepit
419 477 487 532 Pras
501 494 546 548 per
564 493 592 531 os
605 493 687 532 meum
708 475 797 529 uudire
814 472 904 528 Gentes
923 470 1024 527 uerbum

242 570 374 641 Esanpelii
392 578 415 625 et
427 569 545 632 ceetlere,⁸
557 576 582 622 et
595 568 637 637 qni
651 567 719 620 norit
731 565 808 622 corda
824 562 899 629 Deus,
914 561 1023 617 tcstiuto·

241 662 310 715 nium
324 658 456 730 perbibuit,
478 657 543 713 durs
562 657 615 712 illis
635 655 760 726 Spiritum
780 662 903 717 sanetum,
925 651 1025 706 sicatet

240 750 320 815 uobis,
336 758 360 802 et
373 748 436 802 uttrit
450 747 565 802 discrerit
577 746 643 799 inter
655 761 700 799 nos
711 753 734 798 et
747 744 814 810 illos,
828 742 879 812 fide
889 741 1026 812 purificans

239 839 316 896 corda
330 839 440 892 illorum.
457 835 534 891 Nttnc
547 845 631 891 autem
648 835 710 906 qaid
729 833 829 888 tentatis
842 831 925 886 Deum
942 831 1025 901 impo-

239 944 299 983 uere
311 928 404 999 jupam
421 940 495 996 supet
510 925 629 980 ceruicem
646 923 841 994 discipulorum,
861 920 929 992 quod
947 933 1027 989 nequa

242 1027 327 1089 patres
338 1016 426 1082 nostri,
440 1031 517 1084 nepae
529 1030 573 1069 uos
588 1021 688 1084 portare
699 1010 843 1082 potuimus?
853 1007 906 1064 Sed
915 1023 959 1079 per
968 1022 1025 1078 pra·

242 1107 304 1161 tiam
316 1103 418 1158 Perusini
429 1103 508 1157 nauti
520 1101 582 1157 lesu
591 1101 683 1156 (insisti
695 1099 818 1153 credimus
827 1095 931 1162 salsari,
941 1110 1027 1166 mem·

246 1195 383 1252 udruodsm
395 1203 421 1249 et
431 1195 479 1248 illi.
502 1191 590 1247 Tacuit
602 1200 685 1246 uatem
699 1190 779 1245 amuis
788 1187 943 1243 multitado»
958 1184 1026 1259 (Act.

247 1305 294 1357 ur,
306 1287 395 1359 ΗΞ),
413 1296 436 1341 et
449 1287 474 1340 ln
485 1285 632 1340 anartium
650 1283 706 1353 ejus
718 1280 828 1337 lacobus
842 1276 981 1350 apostolas,
1003 1283 1028 1331 et

247 1394 334 1436 omnes
344 1378 420 1434 dmul
432 1375 567 1448 prubyteri
576 1375 737 1430 transierunt.

246 1491 254 1495 ··
281 1470 308 1525 ll.
331 1467 393 1522 blac
404 1483 454 1521 non
468 1465 556 1520 delent
568 1463 673 1518 molesta
689 1477 743 1517 esse
753 1459 847 1525 lectari,
863 1458 909 1514 sed
919 1467 943 1513 et
954 1457 993 1513 illi
1005 1467 1028 1513 et

245 1559 308 1614 milei
319 1558 401 1622 atilio,
415 1565 443 1610 ut
455 1555 594 1628 probemus,
610 1563 669 1607 ante
681 1552 824 1622 apostolam
844 1548 956 1604 Paulum
978 1564 1028 1603 non

245 1650 374 1720 iunctm
390 1645 503 1712 Petrum,
519 1645 569 1698 lmo
581 1643 719 1715 principem
740 1642 816 1712 bajus
836 1641 914 1713 luisse
926 1639 1027 1704 decreti,

169 1763 172 1768 ·
246 1739 338 1812 haam
360 1746 416 1810 post
429 1736 594 1808 annpelium
607 1751 658 1790 non
672 1749 724 1789 esse
736 1731 892 1787 sanandam.
916 1729 1030 1800 Denlouc

246 1838 323 1884 muta
341 1826 434 1883 Petrus
455 1824 610 1880 auctoritatis
628 1823 686 1894 fuit,
707 1830 735 1876 ut
750 1820 846 1876 Paulus
865 1820 892 1873 iu
914 1817 1030 1888 Epistola

244 1936 293 1977 sua
306 1919 432 1990 scripserit
443 1933 453 1972 .·
469 1935 479 1970 s
497 1915 594 1970 Peinds
606 1923 662 1986 post
676 1929 756 1968 anuos
773 1921 822 1966 tres
835 1909 888 1964 rust
900 1906 1030 1978 lerosoly-

247 2026 315 2066 osam
325 2008 407 2064 sidere
418 2007 531 2072 Petrum,
547 2015 570 2060 et
586 2004 667 2058 mauri
680 2002 750 2073 apud
760 2016 816 2056 eum
827 1998 912 2054 diebus
921 1997 1029 2069 quinde-

245 2099 293 2154 cim
305 2117 315 2151 r
326 2096 396 2171 (Gal.
407 2096 490 2167 alb).
508 2096 666 2158 llursaesuae
677 2092 704 2145 iu
715 2087 918 2160 consequentibus
929 2103 957 2142 :s
968 2086 1031 2141 Post

244 2204 327 2242 annos
343 2185 531 2259 uamuordecim
548 2181 648 2237 ascendi
664 2182 755 2236 iterum
774 2178 957 2249 lerosolymam
974 2193 1031 2231 cam

245 2277 372 2344 limnaba,
390 2285 519 2348 assumpto
539 2283 563 2329 et
582 2273 649 2328 Tito.
665 2271 772 2329 nendi
793 2280 876 2325 uatem
896 2269 1031 2324 secandum

247 2369 430 2432 revelationem,
448 2376 472 2420 et
486 2364 592 2434 espossd
608 2365 644 2419 eis
663 2362 827 2433 Eneapelium
841 2361 908 2432 qaod
918 2358 1031 2432 praedico

251 2460 318 2514 inter
331 2457 423 2512 Gentes
442 2471 452 2510 .·
473 2475 482 2509 r
498 2455 628 2510 ostendens
644 2470 671 2508 se
681 2469 731 2507 non
744 2452 860 2506 imbuisse
876 2450 1032 2505 securitatem

253 2546 382 2618 Eronqelii
397 2544 559 2616 praedicandi,
575 2545 624 2597 nlsl
640 2542 719 2607 Petri,
739 2550 763 2597 et
775 2541 818 2612 qai
832 2557 888 2594 cam
905 2556 935 2594 eo
949 2547 1031 2609 eruut,

248 2636 335 2707 fuisset
353 2635 474 2690 sententio
489 2634 643 2688 roboratam.
659 2633 799 2700 Statimque
809 2629 944 2701 seqnitur:
961 2645 970 2679 s
985 2627 1033 2682 Ss-

250 2726 357 2797 paratim
374 2732 457 2778 autem
471 2722 510 2777 ltis
522 2723 564 2794 qui
575 2721 723 2777 uidebuntur
734 2719 829 2791 aliquid
847 2735 910 2785 esse,
924 2734 956 2773 ne
969 2721 1034 2790 forts

247 2818 274 2870 in
287 2830 393 2871 uacuum
411 2829 534 2869 sumerem
553 2821 597 2868 aut
613 2811 786 2866 cucurrissem.
805 2829 815 2863 s
833 2807 917 2875 Quare
928 2824 1032 2880 separa-

249 2908 303 2972 tim,
320 2921 343 2961 es
357 2922 408 2960 non
426 2908 453 2960 in
468 2903 588 2975 publicai
611 2902 651 2956 Ne
665 2903 729 2972 sorte
748 2900 863 2971 fidelibus
879 2914 911 2953 eu
930 2913 1033 2953 narrato

248 2996 406 3063 ludaeorum,
424 2995 466 3067 ord
483 2994 573 3066 Lenem
592 2992 712 3063 puttubant
723 3007 775 3047 csse
787 2989 945 3056 seroandam,
962 2997 985 3043 et
997 2988 1034 3043 sic

248 3086 398 3140 eredendum
408 3086 434 3139 in
442 3084 550 3139 Domino
561 3083 700 3150 saltatore,
712 3081 771 3152 fidei
787 3080 934 3135 scandulum
945 3095 1033 3134 naue·

249 3186 326 3232 retur.
349 3174 417 3247 Erpa
438 3185 461 3230 et
480 3191 509 3230 eo
522 3184 632 3245 tempore
645 3190 702 3228 cam
722 3171 813 3226 Petrus
826 3171 930 3226 uenisset
943 3171 1032 3224 Antio·

250 3266 332 3320 titium
344 3265 410 3337 (licet
423 3266 470 3319 ltoc
478 3262 653 3335 Apostolorum
668 3263 729 3316 Actu
739 3278 789 3315 non
805 3261 923 3327 scribant,
938 3259 981 3314 sed
993 3261 1034 3331 of-

250 3357 362 3426 instanti
383 3355 467 3410 Pualo
485 3354 636 3410 credendam
650 3354 703 3421 sit),
723 3351 854 3425 infaciem
874 3351 912 3404 illi
937 3348 1035 3404 Paulus

252 3449 373 3504 restitisse
384 3447 515 3513 suscribit,
530 3445 590 3515 auia
602 3442 800 3515 repreliensibilis
809 3451 871 3496 erat.
883 3440 960 3496 Prius
969 3441 1034 3495 cuim

252 3555 326 3607 utrum
338 3537 448 3592 sentirent
461 3536 563 3608 quidam
576 3552 593 3588 a
606 3533 711 3602 lucobo,
724 3550 780 3587 cum
799 3532 919 3588 Gentibus
930 3531 1034 3596 edebat,·

251 3644 308 3682 curn
324 3635 407 3681 uatem
425 3627 557 3687 uenissent,
571 3622 728 3677 sabtrutttbut
744 3639 779 3687 sc,
799 3631 822 3676 ct
836 3621 989 3692 seprepubot,
1003 3621 1033 3674 ti·

251 3733 320 3771 utens
332 3732 373 3770 eos
392 3715 435 3785 qui
446 3730 478 3769 eo:
498 3712 684 3767 circumcisione
701 3721 781 3766 erunt.
806 3710 840 3764 Et
858 3719 1035 3765 consumserant

252 3822 307 3859 cam
321 3804 367 3858 illo
379 3805 461 3858 caeteri
475 3802 491 3855 l
495 3803 570 3866 udal,
584 3802 619 3855 ita
633 3810 660 3855 at
682 3810 705 3854 ct
720 3800 850 3854 llurnubus
871 3800 1036 3853 adduceretur

252 3894 334 3958 abluis
348 3893 453 3947 inillam
465 3891 657 3947 simulationem.
671 3909 680 3942 t
699 3889 751 3945 Sed
765 3905 821 3943 curn
836 3888 962 3956 uidissem,
976 3891 1037 3943 rin·

252 3985 313 4052 spuit,
331 3982 421 4053 equod
435 3998 486 4035 non
496 3990 560 4034 recte
575 3980 750 4050 iaprcdiantur
763 3979 798 4031 ud
808 3979 935 4031 acuitatem
950 3978 1036 4032 linun-

253 4074 321 4141 uelii,
335 4073 388 4127 diui
405 4070 481 4126 Petro
493 4087 578 4125 corum
594 4069 706 4125 eructibus
723 4085 732 4123 .·
751 4068 782 4124 Si
798 4079 836 4134 tu,
857 4085 913 4122 curn
932 4069 966 4124 sis
984 4067 1035 4123 ln·

257 4165 337 4228 daus,
359 4161 481 4235 perutiliter
498 4169 521 4215 et
540 4176 591 4214 uon
608 4158 713 4230 judaice
726 4158 802 4222 uieis;
823 4158 948 4227 unontodo
969 4159 1038 4230 copis

259 4252 351 4308 Gentes
359 4250 512 4324 judaizare?
526 4268 536 4304 s
550 4248 620 4322 (Gal.
630 4264 659 4316 n,
670 4249 696 4315 l,
709 4247 738 4315 2,
753 4244 809 4319 ll.)
819 4255 843 4300 et
855 4258 954 4301 coetera.
965 4247 1038 4301 Nulli

256 4362 315 4417 erpo
324 4343 427 4398 dubiam
437 4350 473 4397 est
488 4341 555 4414 qttod
570 4338 662 4394 Petras
674 4339 803 4408 apostolas
814 4338 941 4392 sententies
950 4336 1035 4404 beticus,

258 4455 329 4510 cujus
342 4452 407 4491 nttttc
418 4433 593 4505 prunaricator
605 4431 728 4500 asperitas,
740 4428 836 4500 peintus
846 4437 934 4483 auctor
948 4428 1035 4481 emite·

260 4532 301 4583 tit.
317 4527 400 4582 Causa
412 4535 495 4578 uatem
508 4521 728 4596 commeationis,
741 4521 815 4574 timor
833 4527 869 4573 est
880 4518 1037 4575 ludaeorum.

258 4624 327 4679 Dicit
335 4621 401 4676 enirn
410 4618 542 4690 Scriptura
552 4615 618 4684 quod
625 4615 733 4684 primurn
745 4612 831 4667 edebat
841 4628 898 4666 crem
904 4610 1038 4678 Gentilas;

254 4732 311 4770 cunt
322 4721 406 4768 autern
427 4711 548 4765 uenissent
565 4707 668 4779 araldum
685 4723 701 4759 a
718 4704 831 4785 luoobo,
843 4701 1002 4763 subtrahebat
1013 4720 1041 4759 se

254 4817 278 4860 ct
297 4801 451 4876 segregabat,
472 4798 560 4855 tirrteus
579 4814 620 4852 eos
641 4795 684 4869 qai
697 4812 728 4851 eu
751 4795 938 4850 circumcidens
956 4804 1038 4849 erant.

257 4894 369 4950 Timebat
381 4901 465 4946 autem
477 4888 581 4944 ludaeos
594 4903 699 4957 qaorum
711 4896 765 4941 erat
786 4885 925 4956 apostolas,
949 4901 981 4940 ne
996 4900 1040 4956 pes

254 4987 408 5049 occasionem
438 4981 573 5037 Gentilium
600 4997 616 5033 a
639 4978 689 5049 fide
712 4977 805 5035 Christi
829 4977 990 5045 recederent,
1015 4985 1040 5032 et

254 5079 363 5132 imitator
377 5076 484 5148 pastoris
502 5072 569 5138 boui,
583 5071 695 5142 perderet
708 5086 807 5141 perpetu
818 5069 866 5124 sibi
877 5069 1014 5133 creditum,

290 5167 317 5222 9.
333 5165 404 5221 Sicut
418 5179 477 5235 erpo
490 5161 658 5225 ostendimus,
677 5157 778 5212 Petram
798 5157 857 5211 benc
869 5157 969 5231 quidem
981 5172 1040 5210 sen·

255 5257 316 5308 sisse
328 5253 359 5307 de
371 5253 505 5307 abolitione
518 5249 592 5324 Leuis
612 5247 741 5314 llosaica,
755 5247 799 5302 sed
810 5246 845 5299 ad
856 5245 1041 5300 circulationem

256 5342 436 5411 abseroaadtei
448 5343 503 5412 cias
518 5340 605 5393 tiutocc
615 5336 770 5406 compulsum
779 5326 793 5400 ,·’
803 5333 930 5387 uideamus
942 5350 975 5388 au
986 5333 1041 5405 ipse

260 5430 355 5485 Paulus
372 5431 416 5504 qai
433 5430 511 5489 alium
530 5428 623 5499 orauit,
638 5426 689 5481 tale
702 5424 762 5496 quid
776 5422 871 5495 [merit.
886 5421 1002 5494 &pinsas
1015 5421 1042 5477 in

288 5564 297 5673 ἒ
309 5568 396 5631 ιιῃιηο
408 5559 503 5618 etstla.
513 5564 577 5621 uss..
585 5554 747 5610 claranda.
758 5563 782 5606 tn
793 5555 953 5621 curamus,
964 5549 1042 5605 obser-

258 5633 365 5674 aasorus.
849 5639 851 5643 ¹

846 262 876 329 S.
897 266 1078 327 AUGUSTlNl
1096 267 1246 329 natscoat

1811 273 1867 334 tus

1076 379 1162 434 eodem
1172 380 1234 436 libro
1247 397 1257 436 .·
1272 399 1282 436 s
1298 381 1491 438 Perambulabat
1502 392 1584 439 autem
1599 382 1696 439 Paulus
1707 382 1831 457 Syriam,
1842 394 1867 442 st

1076 467 1200 538 Ciliciam,
1214 471 1365 540 confirmans
1381 471 1505 528 Eustasius
1519 488 1528 527 :
1541 475 1698 543 pervenitque
1710 475 1737 528 in
1752 472 1864 543 Derben,

1076 569 1099 612 et
1112 557 1237 625 listram·
1252 571 1276 616 et
1289 579 1344 617 cece
1357 562 1495 632 discipulus
1508 563 1612 634 cuidam
1626 575 1678 616 erut
1694 564 1740 628 ibi,
1762 566 1866 621 nomine

1078 646 1239 717 ertsotlteus,
1259 652 1327 720 filins
1347 653 1458 708 mulieris
1479 652 1561 708 uidua
1581 652 1680 722 fidelis,
1695 664 1769 724 patre
1781 663 1867 709 attan

1076 740 1174 810 pratili.
1193 740 1260 795 lluie
1272 731 1437 798 testinnonium
1450 743 1584 798 reddebant
1597 744 1641 815 qui
1655 742 1745 798 Listris
1758 754 1834 798 eram
1844 754 1868 799 et

1077 827 1166 886 leonio
1179 833 1278 902 fratres.
1291 832 1366 888 Hune
1383 833 1462 889 uoluit
1475 833 1573 890 Paulus
1584 851 1668 889 secum
1680 835 1826 907 melidai:
1844 846 1868 892 et

1077 936 1206 978 muntem
1219 924 1373 979 tirctancidit
1385 941 1440 979 eam
1456 934 1559 997 propter
1569 925 1674 980 ladaas
1691 930 1734 997 qut
1753 937 1828 981 eram
1840 928 1868 984 in

1077 1010 1129 1067 lllis
1141 1011 1202 1068 loeis
1218 1013 1347 1069 :sciebant
1359 1015 1425 1068 euim
1438 1031 1523 1070 omnes
1535 1016 1603 1085 quod
1615 1024 1687 1086 puter
1697 1016 1753 1085 ep'rss
1765 1018 1869 1086 pratilis

1077 1111 1168 1157 essets
1192 1102 1260 1177 (bct.
1285 1121 1334 1172 xa,
1354 1105 1399 1170 tt,
1422 1115 1445 1159 et
1463 1121 1516 1172 xus,
1530 1103 1599 1177 bb).
1620 1103 1645 1160 0
1662 1106 1733 1159 beate
1749 1108 1868 1177 apostole

1078 1191 1177 1262 Paule,
1192 1195 1235 1265 aui
1252 1194 1279 1250 irs
1298 1193 1375 1250 Petro
1393 1194 1587 1265 reprehenderas
1605 1193 1801 1263 simulationem,
1816 1213 1868 1266 pun

1077 1285 1200 1341 subtranit
1213 1302 1240 1341 se
1251 1304 1267 1340 a
1280 1286 1417 1344 Gentilibus
1427 1295 1528 1359 propter
1541 1295 1634 1342 metum
1651 1286 1803 1342 ludaeorum
1824 1290 1869 1359 arsi

1078 1373 1201 1430 slacobo
1213 1386 1329 1430 ueneram
1339 1394 1348 1441 ,·
1360 1394 1404 1432 car
1415 1376 1580 1441 Timotlreum,
1594 1376 1675 1446 filiam
1685 1378 1795 1430 leotrtinis
1806 1395 1870 1448 peu-

1079 1464 1140 1531 lllt's,
1153 1466 1236 1535 atique
1247 1475 1271 1520 ct
1283 1467 1365 1536 ipsam
1376 1468 1493 1538 perutilem
1509 1466 1598 1538 (neque
1606 1468 1672 1522 euim
1682 1465 1866 1534 ladaascrat,

1078 1554 1121 1625 qul
1135 1570 1186 1609 non
1204 1555 1287 1625 luerat
1308 1556 1498 1626 circumcisus),
1524 1557 1778 1610 cortuu'seutentiam
1797 1567 1871 1612 tuane

1078 1642 1256 1699 circumcidere
1273 1645 1387 1716 coperisl
1406 1644 1578 1717 Respondebis
1591 1646 1652 1700 mili
1664 1661 1673 1700 :
1687 1643 1797 1715 Propter
1815 1645 1869 1700 lu·

1079 1731 1149 1788 daos
1166 1734 1209 1796 oui
1227 1744 1297 1788 eram
1315 1736 1342 1789 iu
1361 1735 1412 1789 illis
1424 1735 1495 1789 lacis.
1511 1735 1646 1807 Quiipitue
1658 1737 1702 1790 tibi
1716 1737 1831 1806 ipnoscis
1842 1738 1871 1792 in

1079 1822 1264 1879 mauruslsions
1282 1823 1401 1894 discipali
1414 1827 1533 1881 uenientis
1545 1842 1576 1880 aa
1589 1824 1717 1890 Gentibus,
1731 1827 1835 1896 iprrosce
1846 1837 1872 1881 et

1079 1910 1176 1980 Petro,
1200 1916 1344 1984 praecessori
1367 1926 1425 1980 tuo,
1442 1916 1509 1987 ottod
1534 1917 1618 1988 aliqua
1640 1917 1725 1989 feurit
1746 1928 1816 1971 metu
1835 1920 1871 1987 fi·

1080 2002 1172 2058 delium
1197 2004 1354 2060 ludaeorum.
1378 2006 1489 2062 Rursum
1511 2009 1684 2076 scriptumest
1706 2022 1746 2061 :s
1772 2005 1872 2063 Paulus

1081 2109 1138 2149 uera
1150 2111 1206 2149 cnm
1219 2096 1302 2150 adbuc
1313 2098 1468 2152 sustinuisset
1489 2099 1542 2152 diss
1562 2099 1661 2162 multos,
1685 2098 1807 2169 (ratribus
1824 2115 1872 2153 ua·

1081 2184 1199 2252 leducm,
1211 2186 1335 2257 natipacit
1347 2187 1460 2257 Syriam,
1473 2197 1496 2241 et
1509 2203 1566 2242 mm
1578 2203 1607 2241 eo
1623 2186 1741 2242 Priscilla
1752 2196 1775 2241 et
1790 2188 1872 2255 Aqui-

1081 2272 1108 2327 la
1121 2289 1131 2329 .·
1143 2283 1165 2328 ct
1177 2275 1284 2329 totondit
1297 2275 1344 2331 sibi
1356 2276 1382 2330 in
1392 2275 1524 2331 Cencltreis
1535 2288 1625 2345 copat,·
1638 2287 1722 2331 notram
1739 2277 1808 2331 enim
1821 2277 1872 2330 ba·

1082 2363 1166 2420 lucrm
1177 2364 1276 2436 r(lbid.
1290 2365 1430 2437 avutaib).
1445 2365 1518 2433 Esto,
1532 2375 1558 2419 at
1571 2366 1604 2420 ibi
1617 2367 1705 2421 timore
1715 2365 1874 2420 ludaeorum-

1084 2454 1227 2526 compulsus
1238 2456 1271 2510 sit
1279 2454 1435 2527 sacucoaod
1447 2455 1561 2520 nolebat:
1572 2471 1649 2525 attare
1659 2472 1757 2511 contum
1766 2457 1871 2509 nuttrioit

1082 2558 1113 2598 ee
1125 2553 1190 2611 roto,
1210 2553 1234 2597 et
1255 2554 1341 2614 postea
1357 2560 1412 2599 eam
1432 2544 1459 2597 in
1478 2543 1608 2600 Cenchreis
1622 2544 1728 2598 totondit
1740 2561 1772 2600 ex
1786 2545 1869 2615 Leuc,

1082 2632 1149 2702 quod
1165 2632 1283 2686 Nauaroei
1295 2633 1338 2704 orti
1358 2649 1384 2687 sc
1402 2632 1455 2686 beo
1475 2633 1602 2700 seruiat,
1619 2634 1697 2703 jurata
1716 2644 1874 2705 preceptum

1084 2723 1167 2794 llopsi
1177 2728 1258 2794 lucem
1267 2723 1570 2797 mrssucserantbfflum.
1584 2741 1619 2791 ut,
1636 2726 1691 2796 tn.)

1119 2813 1162 2869 10.
1183 2812 1274 2868 Verum
1293 2815 1346 2869 lutee
1360 2814 1394 2867 ad
1410 2816 1622 2886 comparationem
1638 2816 1692 2886 ejus
1706 2817 1741 2870 rei
1755 2832 1811 2886 epate
1828 2833 1869 2871 se·

1083 2905 1177 2976 quitur,
1192 2920 1270 2975 parua
1287 2915 1353 2959 suat.
1369 2904 1457 2977 Refert
1471 2905 1566 2971 lucas,
1584 2922 1663 2960 sueres·
1682 2907 1793 2960 bistorioe
1806 2907 1870 2959 scri·

1084 3005 1142 3064 ptos
1155 3012 1164 3052 ε
1179 3013 1189 3046 t
1204 2994 1268 3048 Curru
1281 2995 1430 3049 certissumus
1447 2993 1646 3067 lerosolymam,
1666 2996 1768 3051 libenter
1784 3013 1875 3050 susce1

1084 3095 1174 3156 peruret
1188 3101 1234 3139 nos
1248 3089 1354 3157 scutram
1376 3104 1386 3138 s
1405 3094 1428 3140 et
1444 3088 1554 3157 sequenti
1569 3086 1610 3141 dis
1623 3086 1732 3142 lacobus
1749 3094 1773 3139 et
1785 3103 1871 3141 ornnes

1083 3177 1191 3231 entiores
1205 3176 1246 3240 aui
1266 3192 1324 3230 cam
1344 3192 1372 3231 eo
1391 3186 1473 3241 eram,
1497 3194 1508 3228 s
1527 3176 1662 3247 Eounpeiio
1674 3176 1743 3230 illius
1756 3194 1871 3247 conspuu-

1084 3264 1152 3332 bato,
1168 3265 1285 3320 disurnrrt
1301 3265 1334 3332 ei,
1359 3264 1445 3324 Vides.
1462 3268 1558 3337 frater,
1582 3275 1640 3336 quot
1660 3267 1739 3320 utilliu
1763 3278 1820 3321 sunt
1844 3268 1870 3320 in

1084 3356 1187 3423 ludoeu,
1202 3357 1245 3427 qui
1256 3356 1414 3411 crediderunt
1427 3357 1452 3410 iu
1467 3357 1604 3422 (iluistum,
1617 3366 1640 3410 et
1651 3357 1678 3410 lti
1692 3373 1775 3411 orrsues
1789 3374 1870 3418 areret,-

1085 3446 1176 3500 lutores
1188 3456 1244 3501 saut
1258 3444 1341 3517 lepis.
1356 3446 1495 3500 Audierunt
1513 3457 1596 3501 autern
1609 3446 1641 3501 ds
1656 3456 1680 3501 te
1696 3447 1764 3519 queod
1775 3448 1878 3502 disces-⁷

1084 3537 1179 3590 sionem
1191 3536 1280 3590 doceas
1294 3554 1309 3589 u
1324 3536 1411 3607 Mopse
1424 3553 1509 3590 eorum
1530 3537 1574 3606 qui
1594 3553 1638 3606 per
1650 3535 1740 3591 chtcs
1751 3547 1808 3591 steret
1820 3537 1872 3592 la-

1086 3625 1207 3691 daornm,
1220 3624 1306 3680 dicens
1318 3642 1367 3681 non
1382 3626 1469 3679 debere
1482 3641 1524 3680 eos
1534 3626 1707 3680 circumcidere
1718 3627 1784 3694 filios
1800 3644 1870 3689 srtas.

1086 3729 1163 3784 ritune
1172 3715 1307 3768 secandum
1321 3715 1524 3768 consuetudinem
1541 3714 1650 3785 inarcdi.
1666 3714 1734 3782 Quid
1746 3731 1805 3786 erpo
1814 3718 1871 3770 est?

1089 3801 1180 3872 Utique
1194 3812 1290 3874 oportet
1303 3804 1433 3857 corraenlre
1448 3804 1629 3858 multitudinem
1637 3820 1648 3870 ,⁰
1660 3804 1791 3859 audieruut
1806 3807 1872 3859 euim

1087 3899 1110 3944 tc
1121 3892 1300 3960 superuenisse.
1321 3890 1377 3945 llos
1396 3908 1455 3962 erpo
1471 3896 1512 3962 [ac
1526 3894 1593 3961 qnod
1611 3893 1656 3947 tibi
1671 3892 1786 3947 dicimus.
1805 3893 1873 3947 Sans

1088 3979 1158 4034 nobis
1171 3979 1217 4033 uiri
1229 3989 1335 4050 quatuor
1349 3989 1431 4034 aotam
1447 3980 1563 4034 babentes
1579 3997 1656 4052 super
1666 3996 1711 4044 se,·
1723 3982 1762 4035 leis
1775 3998 1873 4034 usserm-

1089 4069 1149 4140 ptis‚
1164 4069 1295 4137 sartctilita
1305 4079 1328 4123 tc
1341 4085 1398 4123 aaut
1411 4070 1484 4138 ipsis,
1497 4079 1520 4123 et
1533 4069 1647 4140 intperrde
1657 4070 1682 4122 in
1693 4085 1734 4123 eos
1746 4080 1772 4123 ut
1781 4069 1880 4124 raderet·

1087 4160 1187 4228 sapita,·
1202 4169 1224 4212 et
1239 4159 1317 4213 scient
1335 4175 1419 4212 omnes
1432 4158 1492 4229 qaia
1508 4158 1608 4227 quade
1621 4158 1789 4213 teoadicrunt
1806 4148 1878 4230 sttlsa

1088 4258 1160 4315 tutu,
1183 4248 1228 4303 sed
1251 4247 1365 4304 arrtbulas
1387 4258 1410 4303 et
1437 4249 1491 4319 ipsc
1517 4248 1659 4303 custodiens
1678 4248 1779 4320 Lepem.
1803 4248 1873 4303 Tarso

1089 4337 1204 4403 Paulus,
1226 4338 1360 4409 assurrsptis
1379 4339 1455 4405 airis,
1474 4347 1573 4410 postera
1586 4339 1627 4393 die
1641 4340 1799 4409 purificatus,
1815 4355 1874 4393 curu
1893 4324 1906 4388 ’.

1088 4429 1140 4483 illis
1152 4429 1254 4485 intrauit
1262 4430 1289 4484 iu
1301 4429 1430 4498 templum,
1441 4428 1595 4485 unuuntians
1604 4430 1768 4501 expletionem
1776 4430 1874 4485 dieram

1090 4519 1287 4590 purificationis,
1307 4519 1385 4575 donec
1407 4518 1538 4586 otiaretur
1559 4535 1605 4590 pro
1624 4536 1771 4592 unoquoque
1788 4537 1874 4575 coeam

1090 4607 1181 4665 obtato
1199 4627 1209 4661 s
1222 4607 1289 4682 (det.
1304 4623 1359 4674 ut,
1371 4607 1472 4679 tadu).
1488 4608 1511 4662 0
1524 4607 1614 4673 Paule,
1626 4619 1649 4663 et
1659 4609 1685 4663 itt
1695 4609 1742 4663 lroc
1753 4619 1777 4664 te
1787 4625 1874 4665 rursus

1089 4702 1233 4770 internorum
1247 4716 1292 4754 cur
1301 4708 1377 4770 eaput
1388 4699 1494 4766 rusesis,
1505 4715 1552 4753 cur
1560 4698 1722 4768 nudipedalia
1735 4701 1876 4754 mutueris

1091 4791 1122 4847 de
1135 4790 1275 4847 cerimoniis
1296 4788 1462 4855 ludaeorum,
1484 4804 1529 4844 eur
1547 4787 1665 4843 obtuleris
1689 4788 1827 4856 sacrifimo,
1851 4796 1875 4844 et

1091 4879 1227 4936 seeustdunt
1243 4877 1333 4951 bouem
1346 4878 1434 4933 ltostita
1448 4893 1493 4948 pto
1506 4885 1529 4932 te
1542 4877 1634 4950 [uenat
1652 4878 1806 4932 trutmolatoci
1820 4877 1876 4933 ttet-

1091 4987 1138 5042 que
1153 4970 1312 5040 respondebis
1328 4984 1337 5023 :
1355 4968 1397 5023 Ns
1417 4967 1648 5023 scandaliuarentar
1665 4968 1709 5039 uui
1724 4984 1756 5022 eu
1776 4966 1882 5022 luduin

1091 5061 1259 5115 crediderunt.
1279 5058 1410 5115 Sirrsnlasti
1430 5074 1489 5129 erpo
1503 5059 1623 5113 ludorum
1635 5069 1662 5113 ut
1680 5056 1784 5113 luderes
1798 5056 1863 5109 lucri

1092 5149 1205 5220 lumch
1218 5159 1241 5205 et
1255 5150 1320 5203 leuno
1336 5149 1417 5219 ipsam
1433 5149 1618 5205 simulationem
1629 5147 1738 5204 lacobus
1754 5156 1776 5201 et
1793 5143 1874 5201 caeteri

1092 5248 1117 5295 ts
1128 5239 1233 5297 nauem
1245 5238 1406 5311 presbyteri:
1423 5240 1467 5293 sed
1484 5248 1566 5293 tamen
1579 5241 1682 5297 euadere
1698 5245 1747 5293 ltott
1764 5239 1876 5309 potuisti.

1095 5329 1158 5385 Orto
1169 5329 1235 5384 errius
1246 5328 1368 5389 seditione
1385 5343 1442 5382 cunt
1456 5330 1606 5385 occidendas
1622 5346 1696 5394 esses,
1712 5339 1800 5399 raptas
1817 5346 1843 5384 as
1861 5347 1877 5383 a

1094 5420 1203 5488 tribuno,
1217 5429 1241 5475 et
1252 5419 1283 5501 ab
1297 5436 1326 5474 eo
1339 5420 1428 5474 missas
1440 5418 1600 5490 Garamam,
1613 5423 1659 5480 sab
1679 5423 1793 5477 custodio
1814 5423 1881 5477 sutili-

1095 5523 1148 5569 tstns
1161 5511 1285 5581 dilipcnti,
1298 5526 1329 5564 ne
1341 5518 1364 5563 te
1374 5507 1462 5564 ladoei
1472 5511 1544 5580 quasi
1557 5512 1727 5567 simulatorem
1746 5529 1775 5566 uc
1786 5512 1883 5567 destru-

1098 5610 1190 5657 ctorem
1201 5598 1275 5671 Lrpis
1288 5598 1426 5653 occiderent
1436 5615 1445 5666 ;
1457 5609 1529 5670 totoue
1538 5600 1596 5654 trade
1610 5599 1716 5656 iterumn
1730 5603 1883 5674 praeterient.
