3906 6390
157 272 219 335 rost
289 200 295 216 ’
732 245 968 307 uuistotsmtu
986 244 1123 319 caussis
1140 247 1183 304 ιιι.
1692 251 1778 312 qm,

188 383 216 438 ι.
229 377 285 436 liae
296 384 323 434 ut
334 373 397 431 milti
410 369 570 440 eontiuqeret,
578 369 679 435 propter
689 359 889 415 ardentissimum
903 357 940 411 tui
993 373 1058 423 ntus,
1070 368 1093 413 et
1101 375 1237 415 samonem
1250 362 1396 433 relinquere,
1409 380 1462 420 esse
1472 373 1524 434 tute
1534 366 1648 422 recedere
1658 367 1775 438 turpiss-

155 465 418 540 desideriumsorsitau
424 464 545 527 meretum·
554 451 938 528 proptercouscientiatuqateor,
992 463 1056 500 ntur.
1074 447 1141 503 Nolo
1153 466 1212 521 erqo
1226 467 1274 505 nou
1285 451 1406 521 desinere,
1420 454 1526 509 sednon
1540 455 1692 526 passumus·
1706 455 1772 510 errius

154 580 204 616 nors
214 560 335 616 nrerelar.
348 555 401 612 Sed
416 553 503 608 altars
518 563 614 620 quoque
628 544 681 618 cepi
689 547 785 617 [ructus
797 539 940 612 cupiditatis
991 536 1082 602 eredis,
1103 537 1138 590 mi
1159 548 1238 608 pater,
1260 539 1323 594 adeo
1345 541 1436 598 nostris
1458 543 1568 597 rensidus
1587 558 1617 596 ac
1631 543 1776 614 precordiis

153 653 225 708 iuna
237 666 287 705 non
297 617 808 711 minimosctestntiitidesecundisionis
820 632 940 686 donorum
991 625 1121 692 iniroesirti,
1140 643 1171 682 ea
1188 644 1237 698 quo
1257 646 1306 684 uon
1324 633 1433 686 contenti
1446 641 1489 685 tua
1503 632 1572 701 lama
1591 640 1641 686 tam
1654 632 1774 706 qlorioss.

153 723 940 812 ,ΨΜΜίθαςοοςοωωωμμμωήωῑηιιρηι,οηωιι-
991 721 1043 768 lam
1057 716 1176 779 murima,
1186 718 1285 787 seriptis
1299 728 1323 772 te
1334 722 1383 774 tuis
1393 720 1484 775 intueri
1496 720 1640 789 maluimus,
1653 739 1711 779 eunt
1723 737 1774 778 uns

155 841 251 885 storum
262 837 286 884 et
300 829 406 883 duorum
419 825 480 880 locis
489 839 520 877 ae
528 819 670 891 reqiont'ius
682 817 747 871 inter
756 831 783 870 se
794 813 940 868 distantium
991 804 1062 868 diffisi,
1073 814 1147 874 iique
1157 805 1211 861 ittae
1223 806 1302 862 itteris
1315 810 1422 879 epistola
1435 818 1489 874 tua,
1500 810 1598 866 ardoris
1608 820 1691 868 tantas
1698 813 1774 884 durn-

137 910 140 915 ·
153 905 938 988 „MNWunq„‚ijmqffi'ppmpqmtpmmo‚
991 910 1055 961 mas,
1075 896 1238 967 incendiaque
1253 900 1420 954 commoverit.
1436 897 1509 956 Unde
1520 900 1683 973 deprecamur
1696 910 1732 971 te,
1744 919 1775 958 ae

153 1022 177 1069 et
189 1027 308 1084 metens,
323 1018 351 1064 ut
364 1010 400 1062 ita
409 1007 501 1071 dicam,
514 1003 697 1064 testimoniumr
710 998 814 1054 alterius
828 995 940 1066 ejusdem
990 987 1302 1058 iotomentedeposcimus,
1317 1001 1344 1044 ut
1356 991 1473 1060 quonian
1482 993 1585 1063 qentiler
1596 993 1690 1050 ritusts
1698 996 1773 1051 stiatst

154 1117 241 1156 sensus
251 1098 386 1168 parilisque
392 1095 518 1150 sententia
528 1089 637 1147 uolantia
653 1089 686 1143 ad
696 1087 821 1158 teseripta
831 1101 939 1140 concur·
975 1077 1105 1155 deusde,
1117 1088 1145 1134 ut
1161 1097 1287 1151 nunquaru
1301 1082 1375 1150 alias,
1390 1081 1488 1138 eiusde
1501 1083 1647 1156 affatimque
1663 1096 1773 1142 oontem-

154 1199 223 1245 runt.
233 1188 357 1244 Coronam
368 1185 428 1239 milri
440 1183 508 1255 apud
521 1192 544 1236 te
550 1178 767 1253 quamdam,tuuti
774 1193 803 1231 ae
811 1175 873 1231 tales
881 1176 938 1243 uiri,
978 1167 1087 1243 ¹pst'ttttts
1102 1168 1254 1240 (qumquam
1274 1170 1340 1224 euius
1356 1170 1541 1240 aparentibus,
1561 1172 1593 1228 ai
1612 1175 1675 1242 aris,
1688 1184 1712 1231 el
1726 1191 1776 1244 po·

153 1266 930 1346 nouviridantiumpiorumqermiue,sedqloriosaeroeistestimo
990 1257 1773 1334 ιιιιιιιιιιιιιιιθιιιιὶιιιιθιθΰιήιιῑίιΐιρθῐιθιῐιιιιιιιῦιιιιιι

139 1364 196 1428 ¹rrio
204 1367 474 1443 tanquamquttustam
482 1363 653 1438 perpetuitatis
659 1360 788 1434 qenrmulis
797 1367 937 1414 terserunt.
990 1344 1120 1416 ⁰¹5i¹⁸⁰¹f²⁸
1132 1348 1244 1403 ‘mliii‘
1257 1350 1348 1404 Μή*
1367 1352 1504 1423 “lilim
1524 1357 1707 1425 ‘ilii'mifflii'i
1726 1373 1774 1412 ιιι·

157 1458 265 1531 Propter
277 1457 345 1529 quod
357 1456 437 1511 Deum
447 1469 571 1511 summum
587 1468 631 1506 oro
644 1467 690 1522 pro
700 1459 732 1515 te,
749 1459 772 1504 et
784 1457 853 1503 tuam
862 1449 940 1501 inter·
990 1436 1065 1506 liiii
1078 1437 1173 1492 ”imm
1185 1437 1337 1512 simam}
1352 1449 1409 1511 9²⁸⁰
1418 1449 1445 1495 ⁸¹
1456 1441 1531 1496 etiam
1543 1441 1731 1514 Cottiessiouum
1742 1446 1774 1500 ιῖ-

155 1549 307 1616 cessionem,
321 1556 406 1602 satrcte
417 1554 498 1616 puter,
510 1540 652 1626 expostulo,
665 1548 692 1594 ut
704 1538 822 1610 quostiam
838 1536 940 1591 minime
991 1527 1047 1582 ⁶10⁸
1056 1544 1073 1581 ιι
1082 1536 1105 1582 ie
1117 1530 1275 1600 perscriptos,
1287 1530 1356 1585 nolis
1366 1531 1500 1586 nuillerette
1510 1532 1603 1588 donate
1613 1533 1732 1606 diqneris.
1742 1534 1773 1592 st

155 1641 217 1695 uriiti
229 1639 360 1695 testimonii
374 1636 437 1691 tanti
453 1651 510 1690 suus
525 1631 650 1697 conscius,
664 1646 716 1685 esse
734 1629 794 1683 milui
812 1628 887 1682 talem
901 1626 940 1681 uel
979 1620 1057 1700 *enim
1068 1619 1114 1674 olii
1122 1637 1227 1691 quoqne,
1238 1637 1317 1692 prono
1326 1623 1411 1677 animo
1420 1639 1450 1676 ac
1459 1622 1564 1694 ieniqna
1574 1635 1663 1693 nmste,
1677 1635 1720 1679 tua
1729 1643 1776 1683 no·

154 1730 304 1802 quandoque
324 1727 460 1799 proueniat.
479 1722 540 1778 lam
560 1723 605 1777 iila
622 1735 710 1776 nonne
720 1718 804 1772 omnia
822 1715 940 1771 absentia·
991 1707 1028 1762 bis
1040 1709 1133 1778 scripta
1144 1709 1228 1780 larqiti
1242 1719 1310 1778 sunt,
1323 1718 1416 1782 quanto
1428 1712 1507 1782 maqis
1520 1713 1552 1767 de
1565 1712 1615 1768 tuis
1631 1713 1685 1786 ipse
1697 1728 1774 1769 meu·

153 1835 216 1875 mear
230 1818 378 1872 detrimenta
395 1816 515 1879 uicerunt,
537 1811 604 1882 quod
616 1811 669 1881 ipse
686 1824 732 1864 nos
745 1805 850 1872 alioqui,
872 1804 940 1875 quod
990 1814 1047 1853 stite
1059 1814 1108 1853 nott
1122 1798 1212 1854 debes?

154 1907 343 1978 stridoreqmd
355 1907 466 1961 salutare
478 1904 599 1975 diqnaris,
612 1911 634 1957 et
646 1898 938 1967 aiseuteuse,aiseutem
1025 1890 1052 1944 5.
1073 1887 1165 1945 Fertur
1178 1900 1295 1960 satrapa,
1317 1907 1361 1946 sest
1381 1892 1446 1962 reqis
1465 1891 1549 1962 potius
1568 1891 1699 1963 cujusdam
1718 1893 1773 1964 epi·

155 2017 207 2055 esse
216 2015 266 2055 nou
279 1998 381 2070 pateris.
395 1995 514 2051 moutam
528 2011 567 2049 me
579 1992 653 2046 modo
665 1999 720 2063 post
738 1990 816 2044 ileum
819 2027 872 2043 .....
888 2005 939 2044 nors
990 1981 1054 2034 ⁸1⁰1ss
1069 1980 1118 2051 (ii),
1138 1979 1219 2035 Deum
1237 1980 1372 2035 Divinum
1385 1979 1512 2038 citimum
1530 1980 1696 2052 dedititium,
1715 1999 1773 2038 iiiii

155 2089 233 2142 risum
248 2102 257 2141 .·
270 2095 380 2140 attamen
395 2099 445 2138 non
461 2082 545 2138 caruis
566 2081 667 2152 faeiem,
688 2080 723 2134 sic
738 2079 804 2134 enim
824 2078 872 2144 ais,
894 2076 939 2131 sed
990 2070 1162 2128 intraludoear
1172 2072 1375 2144 reqionesodiue
1385 2081 1532 2136 uersaretur,
1542 2081 1565 2127 et
1576 2073 1681 2128 necdum
1692 2074 1772 2130 inctr-

154 2175 222 2245 quod
233 2175 289 2246 pius
299 2183 344 2241 est,
361 2173 443 2228 cordis
456 2171 581 2234 attendis:
598 2185 675 2239 eoque
688 2171 753 2224 rium
766 2185 822 2223 sum
835 2166 878 2220 tili
887 2181 939 2220 csse
991 2163 1042 2217 lum
1055 2174 1297 2231 suumremeaterat,
1312 2166 1431 2236 quoniam
1442 2166 1465 2220 is
1474 2165 1508 2219 ad
1520 2181 1576 2220 eum
1585 2165 1623 2221 ire
1634 2182 1664 2221 ae
1672 2183 1776 2239 perpere

153 2266 303 2337 iucundior,
318 2281 366 2336 quo
383 2264 491 2334 penitius
511 2261 652 2332 inspexisti.
670 2259 745 2314 Fauii
759 2258 838 2324 licus,
853 2269 881 2313 ut
890 2258 941 2329 ju<
991 2269 1035 2324 per
1048 2255 1220 2326 aptitudinem
1237 2256 1425 2326 prtepediretur,
1438 2264 1461 2310 et
1479 2256 1565 2311 sanari
1578 2257 1651 2311 aliter
1662 2273 1689 2312 se
1702 2274 1775 2328 posse

155 2357 230 2424 dicio,
242 2357 276 2410 nti
289 2365 369 2426 pater,
390 2363 434 2409 tuo
448 2351 632 2423 respondeam,
648 2366 693 2404 nec
711 2350 759 2404 sim
772 2348 842 2418 apud
859 2363 940 2402 meam
991 2361 1040 2398 non
1055 2345 1173 2412 crederet,
1186 2345 1221 2400 ad
1240 2361 1276 2413 se,
1289 2346 1312 2400 si
1325 2345 1480 2417 diqnaretur,
1494 2346 1581 2400 mundi
1594 2346 1662 2402 sulus
1675 2362 1705 2400 ac
1720 2363 1773 2402 me·

123 2454 127 2460 '
155 2443 330 2499 conscientiam
341 2459 409 2509 reus,
420 2458 477 2497 oum
491 2441 566 2497 talem
580 2455 630 2508 me,
649 2438 749 2509 qualem
760 2437 803 2492 iiii
815 2438 869 2509 ipse
883 2440 938 2509 ior·
991 2434 1074 2489 dieina
1087 2434 1317 2500 decurreret,·etne
1331 2445 1408 2490 tauta
1427 2436 1561 2508 usap'estati,
1581 2453 1655 2506 quam
1669 2437 1773 2509 iquorus

155 2534 239 2602 marti,
254 2535 358 2589 interius
370 2550 415 2605 eqo
428 2549 478 2588 non
491 2531 604 2587 rideam,
990 2541 1036 2582 res
1048 2526 1160 2598 prouida,
1173 2527 1218 2582 sed
1229 2545 1278 2582 uon
1288 2532 1397 2600 perfecta
1409 2537 1498 2594 mente,
1512 2538 1667 2598 conceperat,
1679 2520 1775 2599 injuria

190 2628 218 2682 5.
236 2624 309 2681 Bella
322 2642 362 2680 nte
377 2626 404 2680 in
421 2625 507 2680 eadem
525 2623 609 2678 diuina
620 2637 650 2676 oe
663 2623 754 2678 eoelesti
762 2621 872 2692 ‘epistola
885 2630 939 2689 tua,
990 2617 1046 2687 pieri
1058 2617 1189 2684 uideretur,
1204 2619 1320 2673 laudasse
1334 2618 1436 2688 iusuper
1447 2634 1520 2671 suam
1535 2618 1627 2672 dicitur
1638 2618 1772 2685 ciuitatem,

155 2731 186 2771 en
198 2731 265 2770 more
277 2716 331 2782 ιιιι,
340 2715 407 2783 quod
414 2714 517 2770 laudare
526 2713 610 2778 ucllm,
621 2713 761 2781 eloquentia
771 2713 938 2779 ministrante,
991 2714 1018 2761 ut
1032 2705 1216 2776 putetritutiue
1224 2707 1292 2760 ariis
1302 2715 1325 2761 et
1333 2706 1397 2778 reqis
1405 2708 1513 2777 itospitio
1523 2705 1590 2760 deus
1599 2707 1707 2772 illectus,
1716 2723 1775 2777 pre·

156 2804 221 2859 teitu
235 2820 284 2870 me,
296 2805 416 2875 inquam,
426 2805 499 2858 aerio
512 2803 550 2856 ais
564 2803 683 2857 occidere.
702 2800 824 2869 iiiepero,
839 2802 873 2854 rui
882 2817 941 2854 sau·
991 2814 1031 2852 ces
1042 2795 1164 2870 supplicis
1176 2814 1225 2852 uon
1238 2797 1423 2870 dediquaretur.
1438 2797 1528 2870 Adfuit
1541 2797 1607 2852 deus
1616 2799 1669 2870 rcqi
1676 2815 1686 2864 ,·
1696 2814 1773 2851 sana·

155 2905 193 2952 ete
205 2904 285 2968 pater,
299 2896 396 2950 auinaue
409 2895 470 2949 milri
481 2906 599 2964 tauquam
615 2911 629 2949 e
644 2893 792 2964 quibusdam
810 2891 941 2963 eoqitstio·
992 2898 1031 2943 tus
1045 2897 1098 2944 est:
1112 2897 1135 2942 et
1146 2888 1300 2958 amplificato
1319 2887 1444 2958 petitionis
1456 2905 1565 2954 munere,
1581 2904 1625 2958 per
1643 2887 1775 2959 epistolam

155 3002 214 3040 rrum
225 2984 341 3050 tenebris,
354 2985 426 3056 quasi
436 3001 504 3039 seras
514 2984 554 3038 mi
564 2983 651 3038 medes
662 2982 852 3053 reeoqnouisset,
863 2996 942 3034 emer·
992 2995 1042 3033 nors
1058 2979 1131 3033 modo
1145 2979 1249 3034 salutem
1264 2988 1290 3032 ut
1300 2978 1416 3051 supplici,
1436 2978 1481 3033 sed
1494 2981 1568 3033 etium
1579 2979 1735 3034 securitatem
1748 2988 1775 3032 ut

155 3077 196 3130 sr't.
212 3074 245 3130 ttu
258 3076 325 3129 enim
338 3083 415 3128 totum
426 3058 528 3129 breuiter
536 3090 568 3127 ae
576 3072 723 3145 simpliciter
733 3071 885 3126 Beatitudiui
892 3081 942 3126 tua
992 3070 1045 3142 reqi
1058 3070 1209 3137 transmisit,·
1215 3069 1292 3140 jussit
1307 3071 1410 3140 iusuper
1419 3072 1473 3141 ejus
1485 3071 1569 3125 mirem
1581 3070 1612 3124 ai
1626 3071 1736 3126 irostiltts
1750 3071 1776 3126 in

156 3164 285 3232 confitear,
300 3164 383 3217 sinon
396 3163 559 3218 exstinximus
575 3161 650 3227 lello,
664 3170 730 3219 eerte
747 3163 905 3226 distuliurus,·
918 3171 942 3216 et
994 3169 1141 3231 perpetuum
1151 3177 1203 3215 esse
1211 3176 1241 3214 ae
1248 3176 1345 3231 semper
1355 3160 1501 3214 immunem,
1513 3159 1579 3227 Quid
1589 3161 1628 3215 luis
1638 3161 1698 3214 addi
1708 3161 1777 3217 isne·
1875 3216 1883 3222 ,

156 3252 210 3306 Deo
220 3252 359 3322 opitulante
366 3251 474 3304 omnium
482 3251 604 3321 principe,
613 3267 668 3321 quae
670 3253 727 3321 jans
734 3268 812 3322 usque
821 3252 855 3305 od
860 3267 943 3323 quem·
994 3250 1058 3322 ficiis
1071 3252 1167 3321 potest?
1180 3249 1236 3321 qu
1246 3251 1357 3315 immitis,
1370 3258 1393 3304 el
1406 3267 1491 3321 requm
1501 3268 1598 3319 seruus,
1609 3268 1624 3304 a
1635 3260 1659 3306 te
1669 3252 1778 3307 meodo·

156 3340 216 3393 darn
228 3339 398 3393 calamitatum
411 3340 506 3408 apicem
518 3340 671 3392 increverunt
689 3341 766 3407 mala,
779 3341 861 3409 sopita
873 3348 941 3395 sunt.
994 3342 1062 3396 mino
1075 3351 1131 3410 peto
1145 3349 1172 3394 ut
1186 3340 1255 3411 apud
1267 3341 1341 3394 istum
1356 3339 1482 3394 Christum
1495 3357 1526 3394 ae
1544 3341 1681 3412 principem
1695 3339 1777 3395 Deum

158 3429 239 3500 Spero
249 3439 331 3483 tanuen
341 3429 372 3482 ai
384 3445 423 3495 eo,
438 3446 454 3482 a
467 3445 515 3501 quo
528 3429 649 3500 quidquid
658 3431 747 3484 ionum
755 3440 790 3485 est
800 3438 876 3485 totum
887 3447 944 3502 spe·
993 3429 1105 3501 quotidie
1113 3445 1158 3499 pro
1169 3428 1229 3482 meis
1237 3430 1342 3498 pcccatis
1352 3429 1501 3483 intercedere
1512 3446 1543 3484 tre
1552 3431 1684 3497 cuncteris,
1695 3446 1778 3501 acpto

157 3535 214 3575 rare
226 3520 352 3585 dedemus,
367 3519 428 3590 quin
440 3520 514 3574 ertum
526 3520 637 3590 epistolae
653 3530 702 3575 tute
717 3537 826 3593 auquror
845 3522 943 3576 lenedi-
995 3539 1033 3578 me
1044 3524 1182 3592 indefessus
1194 3540 1259 3591 ores,
1270 3540 1299 3578 oc
1311 3532 1382 3595 petas
1393 3524 1514 3594 quidquid
1524 3524 1577 3595 ipse
1589 3525 1707 3580 uolueris.

158 3611 263 3665 ctionem
277 3619 328 3664 tam
342 3611 449 3681 lorqant,
465 3618 516 3663 tam
528 3618 632 3678 certant,
646 3619 673 3664 ut
683 3611 736 3665 lutee
746 3612 800 3682 ipsa
809 3611 941 3678 bellorum,
1029 3615 1056 3671 6.
1077 3613 1108 3670 Si
1119 3614 1163 3669 tili
1176 3614 1277 3668 tadium
1295 3613 1368 3682 aliem
1383 3614 1459 3685 louqn
1477 3614 1583 3685 epistola
1596 3632 1658 3680 uren,
1671 3616 1718 3669 itoe
1730 3625 1779 3670 turs

157 3718 233 3770 quam
247 3701 310 3767 diat,
326 3700 425 3765 dilatio,
439 3702 510 3770 pacis
527 3700 616 3755 doleat
629 3710 758 3772 tentatque
769 3718 902 3773 perennem
913 3721 944 3759 aa
994 3705 1207 3775 muqnanimitatis
1217 3705 1337 3774 patientia
1349 3704 1487 3773 moderare,
1498 3713 1521 3758 et
1537 3704 1580 3758 itti
1592 3706 1699 3776 imputo,
1716 3721 1780 3779 quo·

158 3801 302 3862 perpetuam
315 3791 466 3860 firmitatem.
479 3789 571 3844 Dixisti
582 3791 657 3858 euim,
669 3801 692 3845 et
703 3802 822 3863 perpetua
832 3791 880 3847 iter·
891 3795 944 3864 ieqe
995 3797 1063 3849 niam
1076 3797 1130 3866 ipse
1136 3795 1245 3865 jussisti.
1261 3793 1369 3851 Oraruus
1384 3805 1476 3861 tanuen,
1496 3803 1570 3866 atque
1581 3794 1714 3850 identidem
1732 3796 1780 3850 de·

158 3884 247 3953 fixisti,
262 3892 290 3938 ut
303 3883 426 3954 qaudeam
445 3884 503 3961 isto,
519 3892 546 3937 ut
559 3892 587 3937 tu
599 3885 648 3951 ais,
666 3901 720 3939 meo
739 3891 790 3964 lpus
812 3902 901 3957 mttqno
914 3902 944 3941 oe
997 3905 1139 3960 precamur,
1147 3898 1173 3942 ut
1183 3889 1272 3942 iterum
1282 3887 1374 3942 scribor
1382 3903 1391 3952 ‚·
1402 3888 1437 3941 sic
1450 3887 1515 3942 enim
1522 3887 1565 3959 fiet
1577 3896 1602 3941 ut
1613 3887 1714 3943 libenter
1721 3905 1779 3944 sus·

158 3988 214 4027 sere
224 3973 296 4039 dono,
312 3982 336 4028 et
347 3976 419 4046 iruur
431 3973 457 4026 in
477 3973 542 4041 Deo,
559 3974 626 4029 unde
638 3977 820 4047 sumpsissent
831 3976 902 4044 dieis,
917 3987 944 4032 ut
995 3979 1091 4050 cepisse
1109 3988 1132 4033 te
1149 3979 1243 4045 scripta
1270 3994 1326 4033 mett
1340 3978 1463 4049 suspicari
1474 3978 1606 4049 possimus.
1620 3976 1689 4032 licus
1704 3979 1779 4034 donet

158 4077 182 4121 et
200 4066 257 4121 talis
275 4083 362 4134 meus,
385 4077 408 4121 et
428 4067 489 4120 talia
506 4066 614 4138 peranda
634 4069 794 4138 susciperem.
814 4068 945 4125 Conuectis
996 4070 1066 4125 uoltis
1080 4068 1263 4125 Bentitudiueut
1283 4079 1351 4123 tuam
1372 4086 1415 4139 per
1433 4068 1523 4125 multos
1544 4085 1622 4124 unetos
1643 4087 1689 4139 pro
1709 4070 1780 4125 nolis

160 4160 268 4214 deiude:
283 4178 293 4211 r
309 4159 454 4230 Confirmet,
465 4159 558 4232 inquis,
575 4159 642 4215 Deus
653 4160 721 4232 quod
733 4177 778 4231 per
791 4170 815 4216 te
827 4170 944 4232 operatus
996 4172 1118 4231 orantem,
1132 4163 1231 4218 domine
1246 4178 1302 4217 uere
1314 4170 1399 4216 sancte
1418 4170 1498 4230 pater.
1514 4160 1596 4217 Filius
1608 4172 1690 4216 noster
1707 4159 1780 4217 Veri·

160 4265 196 4308 est
216 4254 318 4308 uobis.»
335 4255 427 4309 Orotu
448 4271 498 4308 uort
516 4256 590 4309 nsodo
608 4271 654 4324 pro
674 4271 722 4321 me,
738 4255 782 4309 sed
802 4272 847 4325 pro
865 4255 946 4310 salute
997 4254 1087 4309 modus
1100 4252 1192 4308 salutat
1201 4252 1383 4308 Beotitudinem
1394 4262 1472 4318 tuam,
1485 4252 1529 4324 qui
1542 4253 1678 4308 admodum
1690 4264 1778 4325 qratu-

160 4343 271 4395 omnium
280 4344 440 4414 nuncupata!
450 4342 505 4396 Neo
515 4345 581 4398 euius
593 4359 648 4397 urea
662 4345 709 4397 ista
721 4344 801 4415 qloria
809 4346 945 4415 separaris
997 4347 1064 4401 latus
1076 4353 1111 4400 est
1122 4339 1189 4409 quod
1202 4338 1229 4398 ιιι
1241 4345 1345 4415 epistola
1356 4344 1391 4398 ad
1404 4358 1449 4400 nos
1461 4346 1567 4415 tuaep'us
1580 4345 1729 4399 mentioueut
1739 4345 1779 4416 le·

161 4433 240 4486 stulute
249 4434 359 4486 omnium
369 4443 457 4503 potest,
468 4443 491 4488 et
501 4443 528 4488 ut
537 4450 583 4505 eqo
595 4434 749 4490 orationibus
761 4436 809 4491 tuis
821 4437 883 4507 [elis
892 4453 946 4492 esse
996 4437 1059 4491 cisse
1071 4436 1188 4508 diqnatus
1201 4452 1237 4490 es.
1247 4434 1340 4491 Nescio
1349 4453 1406 4507 quse
1415 4437 1634 4492 medicamentaai
1642 4438 1778 4506 arcltiotro,

161 4524 262 4593 possim,
278 4539 329 4576 urta
342 4539 437 4581 meeum
449 4540 534 4578 ottones
547 4525 632 4595 felices
644 4541 698 4580 esse
710 4542 808 4581 necesse
820 4535 864 4580 est.
881 4526 943 4594 Diu,
996 4529 1039 4598 qui
1051 4528 1179 4582 nobiscum
1190 4537 1236 4595 est,
1247 4538 1348 4599 accepta
1358 4529 1472 4584 dedimus
1481 4528 1583 4599 Losnpo
1592 4546 1664 4584 sacro
1675 4530 1779 4600 presiu-

161 4623 241 4682 pater,
254 4629 300 4682 pro
313 4612 427 4668 Romano
437 4614 552 4682 imperio,
567 4631 612 4684 pro
624 4614 739 4670 Romana
752 4616 888 4688 republica,
898 4634 944 4690 pro
997 4628 1060 4686 tero,
1071 4620 1105 4673 ad
1119 4628 1188 4673 tuam
1201 4618 1386 4674 Beatitudirsem
1399 4602 1549 4689 deserenda:
1563 4636 1628 4690 quer,
1641 4629 1668 4673 ut
1681 4621 1718 4674 rir
1726 4637 1780 4674 ute·

159 4705 199 4757 isis
212 4705 295 4767 etiam,
309 4721 370 4776 quos
379 4704 468 4776 diquos
479 4721 532 4760 esse
545 4707 590 4760 tiiti
600 4709 745 4775 occurrerit,
763 4708 823 4761 talia
833 4717 888 4762 nota
902 4723 945 4762 su·
996 4718 1108 4763 moratus
1121 4709 1238 4780 affirmat,
1259 4709 1294 4763 ad
1310 4709 1492 4764 alleviationem
1505 4710 1599 4765 doloris
1609 4719 1632 4765 et
1644 4709 1724 4764 morli
1733 4727 1779 4765 ru·

159 4810 213 4848 suras
229 4809 259 4846 ae
273 4790 415 4863 nuncupes;
429 4794 578 4862 quandoque
596 4804 619 4850 te
631 4797 744 4866 usquein
758 4797 846 4850 rtelum
866 4797 942 4864 toliis,
995 4803 1116 4856 rationem
1128 4818 1177 4857 non
1188 4818 1278 4872 parum
1287 4802 1427 4872 proficient.

159 4885 247 4938 tradas
257 4885 371 4953 posteris,
386 4885 537 4952 mandesque
548 4887 714 4956 sequentibus.
1202 4913 1363 4972 pppsqoqp
1382 4912 1508 4970 CCfflq
1529 4914 1576 4987 (l).

195 4974 222 5029 l.
243 4973 313 5029 Satis
327 4990 471 5046 proqressus
484 4991 538 5030 sum
551 4980 656 5046 fortusse
670 4993 743 5046 quum
753 4977 837 5045 delui,
848 4978 891 5033 sud
902 4996 945 5051 ptt·

159 5081 215 5118 rum
229 5064 325 5120 locutus
338 5074 405 5120 certe
416 5081 490 5134 quum
504 5067 580 5121 uolui.
594 5065 720 5138 Confiteor
740 5069 816 5137 euim,
835 5071 944 5128 scuiiens

158 5158 193 5210 ud
201 5158 311 5213 tertullus
319 5157 442 5213 usttttuas
451 5170 568 5229 tanquam
577 5160 944 5232 presseritisimttqiuor,·etcum

160 5248 221 5301 oiim
233 5266 273 5305 ute
281 5266 361 5305 sermo
371 5249 441 5304 rudis
451 5258 474 5303 et
483 5250 555 5320 inops
565 5249 651 5321 linqua
661 5251 769 5320 deficiat,
784 5260 865 5307 tanueu
874 5254 944 5323 quusi

159 5354 244 5394 eoram
256 5349 336 5395 tecum
351 5341 481 5411 colloquar
498 5341 650 5412 fabulerque,
670 5357 720 5397 nort
734 5343 821 5396 satior.
833 5341 945 5398 Proinde

162 5429 219 5484 itirre
232 5431 305 5485 etiam
321 5441 406 5488 nostra
416 5434 442 5487 iu
452 5441 475 5488 te
484 5426 612 5488 desideria
619 5431 714 5487 metire.
727 5431 789 5489 Cum
796 5433 898 5505 jamdiu
910 5434 944 5504 pi·
995 5437 1063 5549 lupa)
1075 5438 1189 5548 W
1202 5429 1271 5501 regis
1287 5435 1390 5501 epistota
1407 5435 1437 5487 ud
1451 5434 1625 5497 custumis
1635 5434 1781 5501 qmlmeb.

1032 5535 1038 5546 .
1065 5533 1072 5559 ,
1100 5534 1105 5546 .
1147 5534 1152 5545 .

162 5535 216 5571 uem
231 5531 363 5575 utereretur
377 5522 515 5589 epistolaris
527 5523 625 5594 papiae
636 5523 741 5592 forsitan
752 5523 849 5595 iuqrata
860 5523 944 5578 turio·
1028 5561 1064 5622 (q)
1076 5561 1138 5609 ttiias
1147 5558 1192 5608 Ἠ
1201 5573 1207 5607 ξ
1217 5573 1270 5622 φη
1282 5567 1363 5610 Μ,
1374 5559 1416 5610 25,
1428 5566 1489 5619 m„
1499 5572 1562 5609 W
1573 5558 1623 5610 ,ω’
1632 5557 1783 5623 ,mmm

160 5611 230 5679 ritas,
243 5611 411 5666 subtrahimus
419 5611 589 5670 emeturtdiaru
595 5629 606 5681 ,·
620 5614 680 5668 dum
692 5613 822 5685 cupiditati
833 5616 942 5670 cortsuIi·
998 5621 1056 5672 daos
1066 5621 1212 5685 suueuioros.

995 5028 1149 5100 Anqustinus
1161 5027 1250 5095 llario,
1264 5028 1395 5083 declarans
1405 5044 1432 5083 se
1440 5028 1519 5099 ipsius
1526 5028 1614 5083 litteris
1622 5044 1778 5101 sutrtruopert

1031 5119 1189 5184 delectatum,
1202 5127 1226 5172 et
1237 5118 1379 5188 quare3uii
1387 5118 1466 5171 ntulta
1473 5118 1550 5172 obiter
1556 5119 1589 5172 de
1597 5119 1779 5175 tuuanoetas·

1031 5213 1070 5266 dis
1079 5228 1164 5266 ansore
1180 5212 1240 5265 dicit
1249 5227 1259 5265 :
1269 5212 1391 5282 mittitque
1403 5210 1451 5281 ipsi
1463 5208 1652 5281 confessionum
1664 5212 1739 5267 libros
1753 5221 1779 5269 si

1030 5304 1082 5358 tult'tt
1095 5303 1209 5374 quiedam
1218 5319 1264 5357 sua
1273 5303 1404 5374 opuscula.
