3906 6390
232 319 304 380 ,ψῃ
834 316 863 372 s.
884 311 1065 372 accusatu

232 439 320 497 entre
332 435 471 502 ιιιιιιιιιιιι,
486 441 578 491 uotrlrtt
590 447 649 504 qum
664 430 733 486 idola
747 427 849 484 iacllius
864 428 959 498 tctrrpla
975 443 1022 482 rc·

234 544 290 586 stra
313 544 392 599 quam
412 526 493 584 eorda
515 525 690 591 clauduntur,
709 523 751 578 rel
770 523 856 591 potius
872 537 932 591 qme
954 520 1022 574 idola

234 636 288 676 nou
300 619 386 690 magis
399 618 425 673 in
439 616 544 688 templis
558 630 637 687 quam
652 614 678 669 in
692 612 788 668 restris
801 609 926 667 cordibus
940 610 1024 664 inclu-

235 710 343 779 duntur,
356 724 417 765 cum
431 723 528 780 magno
545 715 587 764 cst
598 704 690 761 dolore
703 702 878 758 notissimus:
894 701 944 756 uisi
955 701 1024 756 forte

230 800 287 872 jam
298 799 333 857 do
344 799 430 856 salute
443 799 512 870 ipsa,
526 813 586 868 quac
596 797 623 852 in
636 794 749 851 homino
763 802 814 860 est,
829 807 964 863 perquem
980 806 1024 847 me

234 893 353 949 salutare
379 891 510 954 roluhtis,
539 888 649 945 tandein
668 885 789 958 prudenti
811 884 1023 941 consideratione

233 981 363 1053 cogitatis
378 979 445 1036 Nam
459 979 483 1034 si
502 994 556 1034 nou
578 978 613 1032 ita
633 986 683 1043 cst,
704 990 794 1047 qnaeso
808 990 865 1041 ros,
879 973 941 1044 quid
955 973 1022 1039 laesi,

232 1072 297 1145 qnid
311 1072 409 1130 ollcndi
420 1069 630 1127 berrerolentiam
639 1077 765 1133 vestram,
779 1077 807 1123 ut
820 1084 863 1123 me
878 1068 954 1123 titulo
965 1071 1022 1138 epi·

233 1163 310 1220 uate
330 1171 426 1219 restrae
449 1159 613 1216 irridendum
633 1159 816 1229 potiusquam
838 1157 1021 1213 honorandum

233 1269 295 1312 ease
313 1252 452 1325 putaretis,
476 1249 577 1306 domiui
599 1247 791 1320 predicabiles,
812 1256 840 1302 ct
857 1246 1021 1303 dilectissimi

233 1342 350 1402 intrusi

266 1434 295 1490 2.
315 1432 391 1501 Quod
404 1432 475 1488 enim
492 1430 645 1502 scripsistis,
662 1427 735 1484 Patri
751 1427 900 1500 Augustino,
922 1428 948 1482 in
968 1425 1021 1482 llo-

232 1525 301 1579 tttirto
314 1533 434 1579 eternum
448 1521 564 1584 salutent,
576 1534 636 1575 cum
647 1518 773 1588 legerem,
788 1525 858 1571 tauta
873 1531 920 1586 spe
934 1516 1021 1570 subito

232 1623 338 1671 erectus
350 1627 420 1677 suni,
432 1620 461 1667 ιι
472 1611 610 1668 crederem
620 1626 668 1665 ros
679 1609 713 1664 ad
726 1610 812 1679 ipsum
826 1608 977 1671 Dominum,
994 1615 1020 1660 et

231 1703 268 1763 ed
279 1705 363 1776 ipsam
376 1711 502 1759 aeternam
523 1702 635 1757 salutem
648 1709 694 1755 aut
710 1699 765 1770 jam
786 1713 846 1755 esse
864 1712 1018 1764 conuersos,

229 1804 277 1851 ettr
286 1809 333 1866 per
344 1802 463 1849 nostrum
476 1792 650 1847 ministerium
660 1788 813 1845 desiderare
824 1787 952 1844 conserti.
966 1786 1018 1842 Sed

230 1886 276 1945 abt
288 1885 340 1957 legi
359 1895 466 1949 cetera,
487 1882 609 1953 refriguit
619 1881 724 1937 animus
743 1895 817 1934 meus
832 1895 839 1932 ι
855 1877 964 1950 quaesivi
978 1889 1018 1931 ta·

230 1991 293 2033 metr
315 1975 350 2031 ab
370 1975 490 2044 epistile
513 1975 645 2045 perlatore
668 1980 757 2027 uuum
776 1970 832 2042 jam
857 1969 900 2026 rel
924 1970 1018 2025 essetis

228 2065 377 2134 ιιιιιιιιιιι,
391 2065 433 2121 ιιι
443 2079 503 2121 esse
518 2064 661 2134 cuperetis.
670 2062 750 2132 Cujus
764 2061 1018 2132 responsiuucpost·

227 2173 339 2229 coquam
360 2157 478 2228 comperi
492 2170 657 2227 nequaquam
670 2168 717 2208 ros
727 2167 787 2208 csse
809 2161 941 2218 mutatos,
954 2167 1016 2224 gm-

227 2250 287 2307 rius
298 2250 371 2306 dolui
384 2249 455 2321 quod
467 2247 566 2304 Christi
580 2263 688 2313 unomen,
704 2245 746 2301 cui
756 2244 811 2315 jum
825 2253 909 2300 totum
923 2243 1015 2299 orbem

226 2343 373 2415 subjectum
387 2357 448 2398 esse
463 2340 627 2411 conspicitis,
642 2354 696 2394 uon
711 2338 796 2393 solum
810 2335 912 2392 anobis
925 2334 1015 2406 repel-

226 2432 345 2497 lendum,
358 2431 405 2488 sed
419 2431 499 2487 ctiam
512 2431 539 2485 iu
554 2429 629 2485 nohis
645 2427 808 2484 irridendum
824 2440 884 2481 csso
898 2424 1014 2481 credidi·

225 2525 285 2583 stis.
309 2525 368 2580 hou
391 2523 463 2579 enim
486 2521 559 2592 potui
582 2520 699 2591 cogitare
725 2518 839 2573 alterurn
862 2517 1012 2584 Dominum,

224 2615 373 2675 mundum
383 2630 461 2683 quem
474 2620 565 2683 pusset
574 2612 714 2682 episcopus
725 2618 817 2680 patera
829 2608 903 2663 robis
914 2607 1012 2674 uocari,

225 2716 323 2777 preter
333 2705 473 2760 Dorurinum
483 2701 637 2756 Christum:
654 2709 681 2754 et
691 2698 714 2753 si
726 2707 798 2753 esset
812 2698 873 2752 hine
883 2696 969 2767 aliqua
979 2696 1014 2753 de

224 2792 443 2864 interpretatione
463 2800 558 2845 restrae
576 2789 714 2845 sententiae
739 2787 879 2856 dubitatio,
899 2787 1014 2843 subscri·

224 2885 315 2957 plione
324 2881 444 2952 epistolae
455 2879 604 2944 tolleretur,
620 2879 663 2933 nbi
677 2886 769 2946 aperte
780 2878 916 2947 posuistis,
933 2876 1013 2947 Opto·

223 2991 281 3031 mars
292 2983 325 3038 tc.
337 2971 447 3040 donnae,
461 2971 487 3024 iu
501 2967 556 3025 Dro
568 2979 590 3023 et
603 2967 702 3024 Clarius
721 2969 785 3038 cjrtt,
800 2985 844 3039 per
861 2968 955 3023 ntultos
966 2985 1011 3022 un·

223 3080 270 3121 tros
278 3079 376 3134 mrtper
388 3062 414 3116 in
427 3062 494 3116 clero
506 3069 548 3115 ιιι
561 3059 680 3133 gaudere.
699 3058 800 3125 Quibus
814 3058 936 3114 omnibus
949 3073 1012 3128 pcr-

224 3155 301 3213 lectis
324 3161 405 3226 atque
430 3153 575 3222 discussis,
601 3150 663 3224 quid
684 3150 750 3207 milri
777 3151 849 3207 aliud
871 3166 1012 3208 occurrere

223 3247 317 3318 potuit,
327 3246 489 3301 autcuilibct
498 3244 598 3299 homiui
612 3252 708 3314 potest,
720 3243 771 3300 nisi
780 3253 825 3300 aut
839 3244 956 3300 veridico
966 3253 1011 3299 aut

220 3339 307 3397 laliaci
316 3338 487 3395 scribentium
496 3337 587 3393 animo
600 3337 656 3392 hnc
668 3352 728 3393 esse
741 3337 908 3407 conscripta?
923 3337 976 3393 Sed
986 3337 1009 3392 si

220 3430 336 3489 veridico
348 3429 436 3485 auimo
448 3429 498 3484 ista
510 3429 634 3494 scribitis,
650 3427 709 3499 quis
723 3427 798 3483 robis
810 3427 845 3483 ad
857 3428 924 3484 haue
939 3429 1009 3484 reri-

220 3529 302 3579 tatem
320 3519 470 3576 interclusit
482 3519 568 3574 riami
588 3518 648 3590 quis
662 3533 755 3588 aspera
770 3517 877 3575 dumeta
891 3519 1010 3574 substra-

174 3672 179 3677 ,
218 3612 275 3669 riti
295 3612 354 3682 quis
374 3611 479 3682 rupium
500 3621 631 3681 prerupta
652 3609 774 3664 inimicus
793 3609 935 3680 opposuit?
957 3625 1007 3682 po·

217 3711 317 3760 ιιιιιῐιι
329 3702 389 3771 quis
400 3701 516 3757 basilice
525 3700 633 3771 januam
647 3700 747 3772 ingredi
758 3700 923 3771 cupientibus
936 3702 1009 3756 elau-

217 3793 262 3861 rit,
282 3801 312 3848 ιιι
332 3791 360 3847 ιι
380 3791 475 3847 eodem
499 3791 610 3846 Domino
635 3807 682 3861 pcr
704 3807 782 3862 quern
804 3807 854 3847 nos
876 3793 1005 3858 salutatis,

216 3883 338 3940 eamdem
354 3883 466 3938 salutem
479 3881 618 3937 nobiscum
634 3880 732 3936 habere
750 3882 859 3939 nolitisl
874 3882 902 3938 Si
916 3891 1005 3938 autent

216 3970 345 4029 fallaciter
356 3980 435 4042 atque
448 3971 590 4026 irridenter
603 3970 660 4025 hacc
671 3970 797 4039 scribitis,
813 3972 884 4027 itane
898 3972 1004 4028 taudem

216 4059 282 4131 mihi
297 4059 402 4131 rrcgotia
414 4067 501 4116 restra
513 4060 629 4116 curanda
639 4061 785 4131 imponitis,
798 4071 828 4117 ut
839 4078 936 4118 nomen
946 4064 1005 4134 ejus

216 4166 357 4224 perquem
377 4150 477 4222 aliquid
496 4165 614 4221 possum,
629 4150 748 4208 audeatis
761 4169 814 4207 non
834 4155 1005 4211 veneratione

215 4242 304 4300 dehita
317 4241 449 4308 attollere,
460 4240 507 4297 sed
520 4240 689 4297 insultatione
701 4241 846 4298 adulaturia
858 4238 1005 4301 ventilare?

249 4332 276 4389 S.
296 4330 392 4388 Sciatis
404 4346 457 4398 me,
469 4330 630 4398 charissimi,
643 4344 703 4386 cum
718 4331 844 4388 ineflabili
864 4348 912 4404 pro
925 4333 1003 4390 robis

215 4432 332 4479 memore
344 4420 501 4478 eordtshac
513 4419 619 4477 dicere:
632 4424 693 4478 nori
706 4425 777 4480 enim
790 4435 889 4496 quanto
899 4427 1004 4497 granio·

215 4528 273 4571 rem
294 4521 322 4571 ιι
341 4512 558 4586 perniciosiorem
579 4528 685 4569 causam
711 4516 769 4571 sitis
796 4517 912 4574 habituri
932 4520 1003 4590 apud

209 4607 307 4672 heum,
324 4605 346 4662 si
359 4604 456 4661 lrustrtt
472 4605 546 4667 robis
560 4604 617 4661 hac
630 4606 733 4662 dixero.
748 4607 842 4663 Omnia
855 4624 914 4680 qnae
931 4628 1001 4681 prac-

207 4697 298 4755 cerins
307 4695 469 4768 temporibus
477 4712 539 4768 erga
550 4695 693 4752 humanum
703 4712 787 4768 genus
795 4699 908 4769 majures
918 4703 1000 4757 nostri

206 4798 283 4859 gesta
297 4803 356 4845 esse
369 4788 556 4855 meminerunt,
572 4787 702 4860 nobisque
717 4791 897 4860 tradiderunt;
910 4796 1000 4850 omnia

209 4879 289 4937 eoam
299 4894 359 4952 qum
372 4894 422 4935 nos
432 4879 561 4946 ridemus,
576 4889 604 4935 ct
617 4881 729 4950 posteris
742 4883 881 4952 tradimus,
892 4901 951 4956 qum
961 4895 1000 4942 ta·

210 4985 272 5029 mett
285 4952 462 5043 pertinerint
476 4986 567 5026 reram
577 4970 729 5042 religionem
739 4976 909 5044 quaerendam
920 4987 947 5032 et
960 4987 999 5034 te-

210 5060 336 5128 nendam,
354 5059 443 5115 diuina
454 5058 587 5130 Scriptum
599 5077 651 5116 non
667 5063 763 5130 tacuit,
778 5065 824 5121 scd
840 5065 875 5122 ita
889 5069 998 5127 omnino

209 5160 304 5208 cuncta
326 5160 471 5219 transeunt,
488 5164 517 5207 ut
537 5152 677 5208 transitura
700 5168 760 5209 csse
778 5156 903 5225 praedicta
923 5170 996 5215 suut.

210 5241 311 5301 Videtis
327 5251 401 5300 certe
412 5244 537 5316 populum
550 5244 700 5299 ludaeorum
720 5230 839 5301 arirlsum
859 5250 997 5306 ascdibus

208 5335 275 5403 suls,
287 5350 335 5407 per
345 5351 440 5392 omnes
454 5337 509 5391 lere
519 5345 604 5391 terras
616 5337 815 5393 disseminatum
830 5347 909 5411 atque
919 5342 998 5399 dillu-

206 5437 267 5479 sum
284 5434 332 5481 :et
341 5426 416 5499 origo
429 5426 548 5497 cjrrsdem
560 5429 659 5499 populi,
673 5440 701 5487 et
713 5431 886 5504 incrementa,
905 5447 933 5494 et
951 5455 996 5496 re·

207 5515 252 5587 gui
264 5516 381 5584 amissio,
402 5527 430 5575 et
445 5534 493 5590 per
505 5530 599 5575 cuneta
613 5522 752 5592 dispersio,
770 5526 839 5585 sicut
859 5532 994 5602 praedicta,

207 5608 242 5663 lta
257 5605 325 5662 beta
346 5618 418 5665 suut.
434 5609 534 5666 Videtis
553 5620 626 5669 ocrte
643 5629 675 5669 cr
694 5614 751 5686 ipso
771 5621 870 5690 populo
885 5624 994 5683 verbum
1033 5601 1041 5614 ⁸

207 5695 255 5756 uu
266 5698 406 5772 legemque
423 5699 597 5770 prodeuntem
611 5717 659 5774 per
672 5704 817 5780 Christum,
833 5712 877 5783 qui
892 5728 924 5772 ex
941 5715 994 5773 illis

1085 314 1234 377 ratmont
1842 344 1899 409 ng

1076 428 1231 488 ruirabillter
1239 442 1373 504 natusest,
1382 440 1502 494 omniunt
1510 443 1651 513 gentium
1663 444 1754 504 ouem
1762 463 1898 522 occupasse

1075 529 1154 592 atque
1169 526 1286 581 tenuisse
1297 545 1304 580 z
1317 527 1351 583 ita
1372 530 1429 586 haec
1444 533 1542 589 ornnia
1562 539 1768 605 praenuntiata
1783 540 1896 614 legimns,

1076 624 1105 670 ιιι
1124 616 1252 673 ridemus.
1268 619 1368 676 Videtis
1387 633 1459 680 certo
1480 627 1593 684 maritos
1617 631 1766 701 praecisos
1785 649 1802 691 a
1821 636 1899 696 ndiut

1075 703 1227 763 christiane
1240 710 1385 778 societatis,
1399 729 1458 785 quae
1478 731 1531 787 per
1549 717 1650 777 Sedes
1664 721 1866 794 Apostolorum
1877 740 1899 786 rt

1076 799 1258 856 successiones
1276 804 1460 877 cpiscoporum
1476 817 1558 866 certa
1574 825 1632 882 per
1647 814 1757 872 orbem
1777 832 1899 894 propaga·

1076 889 1147 945 ιιιιιι
1157 891 1318 959 diffunditur,
1330 896 1365 953 dc
1373 898 1429 954 sula
1440 899 1528 970 ligura
1540 902 1684 977 originis,
1697 909 1755 965 suh
1762 910 1899 973 christiano

1076 981 1193 1050 nomine,
1208 984 1283 1054 quasi
1296 990 1441 1044 arescentia
1454 1002 1603 1049 sarmenta
1615 996 1763 1069 gloriari,
1780 1017 1847 1073 quas
1856 1003 1898 1062 he

1075 1084 1149 1125 reses
1170 1080 1197 1127 et
1215 1072 1357 1130 schismata
1376 1079 1551 1137 nominamus
1567 1101 1576 1139 ε
1594 1087 1740 1158 praevisa,
1767 1094 1897 1162 medies,

1075 1161 1172 1232 scripta
1186 1174 1248 1220 sunt
1261 1169 1360 1222 omunia.
1376 1169 1477 1228 l'idetis
1490 1184 1573 1232 certe
1593 1179 1826 1241 simulacrorum
1841 1197 1897 1244 ten·

1076 1248 1118 1320 pla
1134 1254 1229 1322 partim
1252 1256 1310 1312 sine
1329 1263 1497 1331 reparatione
1516 1267 1668 1340 collapsa,
1686 1274 1794 1343 partim
1808 1277 1896 1346 diruta,

1075 1345 1169 1411 partim
1185 1348 1285 1414 clausa,
1301 1351 1433 1420 partimin
1447 1370 1513 1411 usus
1522 1358 1602 1415 alios
1616 1377 1823 1435 comrnutata;
1837 1371 1898 1442 ipa·

1073 1449 1125 1504 qne
1138 1436 1279 1494 simulacra
1297 1443 1338 1497 vel
1357 1443 1498 1519 corrlringi,
1512 1450 1560 1505 rel
1578 1451 1719 1525 incendi,
1736 1460 1782 1514 rel
1795 1461 1896 1531 includi,

1073 1525 1114 1580 ιιι
1124 1526 1223 1584 destrui
1241 1548 1247 1584 :
1263 1540 1343 1604 atque
1356 1534 1426 1606 ipsas
1440 1538 1520 1610 hujus
1533 1545 1639 1602 saeculi
1658 1534 1831 1622 potestates,
1844 1573 1896 1627 qur

1072 1615 1213 1688 aliquando
1228 1636 1276 1692 pro
1299 1625 1448 1684 simulacris
1463 1633 1602 1703 populum
1624 1640 1823 1701 christianum
1840 1663 1895 1719 per-

1071 1707 1259 1778 sequebantur,
1275 1715 1359 1772 rictas
1372 1729 1399 1774 ct
1412 1719 1540 1791 domitas,
1555 1741 1615 1783 non
1631 1745 1650 1785 a
1666 1739 1894 1808 repugnantibus,

1070 1797 1118 1852 sed
1132 1814 1148 1853 a
1161 1803 1336 1861 morientibus
1348 1807 1516 1879 Christianis,
1531 1824 1565 1871 et
1576 1829 1687 1877 contra
1702 1827 1805 1883 eadem
1821 1829 1896 1886 sina

1071 1886 1139 1944 lucra
1152 1905 1199 1961 pro
1212 1893 1308 1964 quihus
1319 1896 1484 1957 Christianos
1493 1905 1686 1978 occidebant,
1701 1913 1827 1988 impetus
1839 1936 1895 1976 suos

1070 1977 1194 2052 legesque
1209 1985 1331 2052 uertisse,
1352 1995 1379 2044 ct
1392 1988 1496 2060 inqrerii
1512 1996 1697 2058 nobilissimi
1713 2008 1896 2067 emiuentissi-

1069 2086 1140 2124 mum
1154 2074 1260 2130 cuhncu
1270 2077 1304 2132 ad
1318 2081 1467 2151 sepulcrum
1481 2084 1637 2156 pismturts
1650 2092 1748 2166 Petri,
1764 2101 1895 2159 submissu

1068 2158 1226 2232 diademate,
1242 2169 1400 2239 supplicare.

1103 2249 1130 2304 l.
1151 2252 1214 2309 llaec
1235 2258 1323 2312 oninia
1344 2260 1486 2333 Scripturas
1506 2265 1624 2338 divinae,
1650 2290 1723 2346 quae
1747 2278 1778 2336 in
1802 2297 1893 2341 manus

1066 2345 1185 2399 omniurn
1198 2345 1253 2416 jam
1270 2362 1409 2420 venerunt,
1430 2365 1492 2413 aute
1512 2358 1690 2433 longissima
1709 2381 1841 2446 tempora
1855 2378 1893 2433 lu·

1068 2439 1126 2486 tura
1145 2448 1209 2490 esse
1222 2446 1324 2495 testatae
1342 2452 1413 2498 sunt.
1430 2445 1493 2502 liaeo
1514 2453 1610 2506 omnia
1628 2465 1718 2515 tauto
1739 2463 1892 2523 robustiore

1066 2520 1118 2578 ilde
1131 2524 1251 2582 lactamur
1266 2529 1333 2598 heri,
1355 2544 1452 2603 quantu
1473 2539 1576 2610 rrrajorc
1597 2552 1785 2610 auctoritate
1798 2558 1893 2627 pradi-

1066 2623 1124 2670 eata
1138 2631 1198 2672 esse
1208 2619 1234 2674 in
1247 2623 1346 2677 sanctis
1357 2623 1465 2683 Litteris
1475 2628 1648 2693 invenimus.
1666 2639 1890 2716 Numquidnam.

1065 2705 1178 2764 obsecro
1190 2724 1247 2776 ros,
1265 2715 1453 2784 numquidnam
1472 2718 1559 2776 solum
1572 2723 1723 2794 judicium
1741 2735 1803 2803 Dei,
1821 2741 1889 2810 quod

1065 2796 1136 2853 inter
1151 2798 1243 2855 lrdcles
1261 2811 1341 2873 atquc
1362 2805 1480 2863 iulrdcles
1497 2807 1620 2871 lutnrum
1639 2833 1712 2878 esse
1736 2824 1767 2881 iu
1786 2828 1888 2886 eisdem

1065 2884 1172 2943 Litteris
1188 2888 1309 2962 legimus,
1325 2909 1384 2948 cum
1400 2896 1443 2951 illa
1463 2901 1551 2955 omnia
1570 2904 1648 2964 sicut
1663 2914 1807 2980 praedicta
1828 2933 1888 2976 sunt

1064 2980 1202 3046 venerium
1219 2984 1407 3054 numquidnam
1419 2988 1504 3044 solum
1514 2990 1655 3061 judicium
1671 3002 1724 3060 Dei
1740 3017 1884 3067 uenturum

1064 3082 1117 3123 non
1128 3084 1187 3125 csse
1200 3072 1366 3140 putabimus?
1377 3075 1433 3132 lmo
1443 3082 1616 3153 rcrorenier,
1636 3089 1717 3148 sicut
1733 3095 1784 3151 illa
1796 3101 1882 3154 omitia

1062 3168 1203 3214 venerunt.
1218 3159 1271 3217 Nec
1285 3164 1421 3235 qnisquam
1441 3167 1494 3223 erit
1513 3168 1598 3227 bomo
1618 3189 1796 3241 nostrorum
1814 3196 1879 3244 tcm-

1063 3265 1168 3320 porum,
1188 3253 1232 3324 qui
1247 3269 1276 3310 sc
1291 3256 1316 3311 in
1330 3257 1374 3311 illo
1386 3259 1485 3329 iudicio
1495 3260 1529 3318 de
1541 3278 1589 3319 sua
1602 3273 1696 3337 possit
1713 3275 1880 3338 inlidelitate

1062 3338 1221 3408 uerendum
1236 3358 1295 3399 cunr
1309 3344 1442 3402 Christum
1455 3359 1542 3407 cantet
1556 3363 1585 3409 et
1593 3355 1694 3426 justus
1707 3365 1745 3421 ad
1763 3371 1877 3440 aquira·

1062 3441 1126 3501 tem,
1142 3442 1170 3489 et
1181 3437 1303 3507 perjurus
1321 3439 1353 3494 ad
1367 3439 1496 3507 fraudem,
1512 3454 1539 3501 et
1550 3463 1600 3503 rex
1611 3451 1649 3507 ad
1669 3455 1834 3531 imperium,
1850 3475 1875 3521 ct

1061 3524 1137 3581 miles
1160 3526 1193 3581 ad
1215 3544 1339 3602 pugnam,
1366 3541 1393 3588 ct
1417 3534 1526 3592 maritus
1546 3552 1671 3612 propter·
1685 3550 1827 3623 regimen,
1847 3569 1873 3612 ct

1060 3631 1128 3671 uxor
1138 3627 1246 3689 propter
1255 3621 1422 3693 obsequium,
1438 3636 1463 3680 ct
1474 3635 1549 3697 pater
1559 3644 1676 3702 propter
1684 3653 1869 3715 praeceptunr,

1059 3716 1086 3762 et
1100 3707 1170 3764 filius
1183 3720 1291 3782 propter
1304 3714 1492 3782 obedientiam,
1507 3728 1533 3774 et
1548 3720 1679 3782 dominns
1690 3743 1809 3804 propter
1821 3736 1869 3792 do·

1058 3799 1242 3868 minutionem,
1257 3811 1284 3858 et
1296 3818 1388 3860 seruus
1402 3818 1512 3879 propter
1524 3809 1697 3886 famulatum,
1712 3831 1745 3878 ιι
1756 3825 1865 3883 humilis

1058 3889 1091 3944 ad
1105 3891 1241 3962 pietatem,
1255 3904 1282 3950 ct
1294 3897 1423 3967 superbus
1433 3900 1466 3954 ad
1476 3902 1687 3976 aerrrulationem,
1703 3922 1735 3968 et
1748 3914 1826 3974 dives
1835 3930 1864 3975 ut

1059 3981 1188 4052 porrigat,
1200 3991 1226 4038 ct
1240 3999 1340 4055 pauper
1352 3998 1381 4042 ut
1391 3984 1488 4057 suinai,
1501 3999 1528 4047 et
1538 3993 1662 4054 ebriosus
1675 4001 1709 4057 ud
1726 4005 1858 4077 phialam,

1057 4081 1084 4129 et
1097 4074 1234 4130 merrdicus
1248 4077 1280 4132 ad
1291 4078 1410 4148 jarruam,
1431 4091 1458 4137 et
1472 4083 1558 4140 bouus
1571 4095 1600 4141 ut
1613 4101 1741 4163 praestet,
1758 4108 1785 4155 et
1801 4117 1858 4156 nra·

1057 4163 1099 4219 lus
1109 4173 1137 4219 ut
1147 4163 1233 4232 taliam
1248 4175 1274 4222 et
1283 4166 1443 4227 christianus
1455 4184 1604 4245 ueneratur,
1616 4187 1644 4234 et
1656 4197 1784 4255 paganus
1792 4191 1858 4247 adu·

1056 4253 1133 4321 lator,
1161 4269 1255 4311 omnes
1274 4256 1407 4315 Christum
1433 4272 1549 4332 caritaut,
1578 4278 1607 4323 et
1631 4286 1687 4340 qua
1713 4278 1856 4338 roluruato

1055 4351 1133 4414 atque
1147 4360 1194 4400 ore
1205 4355 1322 4415 cantent,
1336 4350 1422 4406 eidem
1438 4352 1487 4424 ipsi
1501 4371 1580 4428 quem
1591 4370 1703 4419 cantaut
1717 4369 1852 4429 radonem

1054 4435 1112 4490 sinc
1125 4435 1205 4491 dubio
1220 4438 1348 4496 reddituri
1362 4452 1433 4498 sunt.

1088 4525 1117 4582 li.
1138 4525 1185 4581 Est
1197 4528 1322 4598 quiddam
1337 4531 1477 4601 invisibile,
1492 4550 1524 4592 er
1538 4552 1591 4608 quo
1603 4538 1734 4602 Creatore
1748 4549 1851 4620 princi·

1053 4615 1098 4685 pio
1108 4625 1169 4671 suut
1180 4618 1268 4673 omnia
1276 4637 1339 4691 qum
1351 4621 1480 4690 ridemus,
1492 4642 1634 4698 surnmnm,
1650 4642 1798 4703 murnum,
1811 4644 1851 4697 iu·

1052 4709 1240 4765 commutabile
1260 4722 1288 4767 ιι
1309 4713 1373 4768 rrulli
1395 4714 1499 4773 effabile
1521 4719 1571 4774 nisi
1593 4730 1697 4780 tantum
1718 4729 1784 4786 sibi.
1804 4734 1850 4789 Est

1052 4800 1187 4871 quiddam,
1201 4818 1253 4874 quo
1268 4820 1298 4860 se
1319 4805 1376 4875 ipsa
1392 4810 1530 4865 summitas
1543 4813 1691 4884 maiestatis
1711 4834 1808 4880 narrat
1820 4837 1847 4882 ct

1051 4891 1187 4962 predicat,
1199 4909 1251 4949 nou
1263 4900 1348 4967 impar
1359 4897 1477 4969 gignenti
1487 4912 1568 4974 atquc
1581 4911 1703 4965 narranti
1714 4910 1845 4980 Verbum,

1050 4998 1104 5054 quo
1116 4983 1160 5038 illc
1174 4985 1219 5054 qui
1233 4985 1348 5041 Verbum
1362 4987 1455 5060 gignit,
1474 4993 1631 5051 ostenditur.
1651 4997 1702 5053 Est
1720 5009 1847 5074 quaedam

1050 5074 1754 5164 ranerius,omniumquaesanctahurrtsanuitteatrtx,
1763 5100 1847 5172 ipsius

1050 5168 1273 5225 iucommutabilis
1288 5168 1367 5226 l'erbi
1383 5187 1431 5242 per
1444 5175 1514 5244 quud
1525 5192 1647 5238 narratur
1658 5186 1725 5247 illud
1741 5196 1844 5264 princi·

1050 5261 1133 5330 pium,
1149 5269 1174 5316 et
1193 5261 1275 5333 ipsius
1288 5263 1408 5333 principii
1422 5265 1493 5336 quud
1515 5271 1570 5338 pari
1592 5288 1622 5330 se
1636 5275 1724 5337 Vcrho
1738 5301 1844 5359 narrat,

1049 5352 1231 5423 inseparabilis
1249 5363 1278 5410 et
1298 5355 1408 5412 indivisa
1423 5362 1584 5419 communio.
1599 5367 1664 5436 eris
1684 5385 1777 5434 aeirem
1794 5382 1844 5439 nm

1050 5450 1144 5509 tutum,
1156 5443 1226 5514 quod
1240 5460 1291 5499 non
1306 5444 1419 5502 dicendo
1431 5448 1522 5512 dicere
1542 5469 1653 5514 conatus
1667 5477 1740 5537 sum,
1761 5483 1790 5528 ct
1802 5474 1844 5532 di-

1048 5533 1133 5618 ecndo
1145 5549 1196 5587 non
1208 5534 1313 5600 diecre;
1330 5538 1389 5607 quis
1402 5536 1453 5594 hoc
1463 5542 1546 5610 possit
1554 5550 1727 5611 serenissima
1741 5571 1771 5617 et
1786 5567 1843 5622 sin·

1047 5626 1182 5682 carissima
1201 5635 1289 5683 mente
1308 5629 1437 5698 corrtueri,
1461 5646 1547 5704 eoque
1559 5642 1679 5700 contuitu
1697 5647 1844 5717 beatitudi.

1047 5736 1108 5777 ucru
1123 5720 1230 5791 ducere,
1247 5729 1324 5793 utque
1336 5721 1363 5778 in
1376 5722 1401 5778 id
1414 5723 1484 5796 qunt
1496 5725 1614 5788 intuetur
1626 5734 1757 5806 delicieris
1769 5767 1841 5825 quo·
