3906 6390
231 300 268 376 ιι
832 292 859 365 ι.
875 306 1059 366 aucusrmt
1079 304 1232 363 netscort
1254 297 1257 305 ’
1839 307 1877 362 m

234 440 326 487 nostro
340 429 420 486 debet
434 441 501 491 csse,
524 425 580 490 Est,
596 432 646 489 est,
662 420 731 486 Non,
758 435 819 475 nou.
844 420 934 490 Neque
948 421 1019 475 ettim

232 525 347 594 igtrnras,
369 528 414 576 aut
427 517 564 590 quisquam
588 512 725 570 ltornirmm
739 513 783 582 qui
798 523 845 565 nos
861 509 933 564 notit
947 510 1020 580 igno·

230 626 282 685 rat,
296 628 382 687 neque
395 624 421 669 te
433 626 492 669 esse
511 610 665 679 episcopum
681 621 780 670 meum,
795 618 880 673 neque
894 618 937 657 me
959 616 1020 671 prc-

229 708 364 780 shyterum
384 714 468 760 ιιιιιι.
491 699 678 757 llonorabilem
695 699 773 769 igitur
791 710 824 750 er
839 711 869 750 ea
890 694 979 764 regula
996 704 1020 749 te

229 794 342 854 libenter
356 793 473 867 appello,
494 807 546 863 qna
569 790 628 845 uoti
645 797 670 845 te
683 802 743 843 esse
758 787 903 852 hominem,
919 795 945 840 et
960 785 1020 840 not-i

228 886 362 943 hominem
376 884 408 938 ad
422 882 562 953 imaginem
577 879 623 935 liei
638 886 665 934 et
685 876 884 933 similitudinem
910 874 1017 938 factum,

227 988 253 1034 el
267 978 293 1033 in
307 977 411 1032 honore
427 975 541 1045 positum
555 973 614 1041 ipso
630 970 722 1026 ordine
745 982 771 1024 ct
790 970 850 1039 jure
871 976 982 1035 uaturm,
997 969 1018 1023 si

227 1046 317 1124 tamen
332 1063 503 1136 intelligendo
516 1078 575 1134 qum
596 1059 765 1132 intelligenda
780 1068 851 1126 sunt,
866 1068 955 1114 servet
967 1058 1019 1114 ho·

228 1174 322 1215 uorem
335 1170 424 1213 suum.
445 1155 510 1210 Nam
525 1155 559 1210 ιιι
575 1153 702 1223 scriptum
716 1159 775 1209 est:
792 1151 874 1206 flonto
887 1151 912 1206 in
926 1151 1021 1206 ftouore

228 1244 534 1320 morinummontem
553 1252 713 1315 comparatus
726 1253 762 1297 est
772 1243 894 1313 jttntentir
908 1242 1020 1295 inremu-

228 1334 270 1404 tit,
284 1346 307 1393 et
316 1334 405 1393 riurihr
418 1339 499 1406 [uetur
513 1342 549 1389 est
561 1334 612 1388 illis
622 1332 708 1405 (f'ral.
722 1331 883 1404 seronati.
894 1331 947 1386 Cur
956 1345 1020 1402 ergo

228 1436 255 1484 te
269 1426 451 1483 honorabilem
475 1426 500 1479 in
523 1433 650 1495 quantum
667 1423 746 1478 ιιιιιιι
767 1438 796 1477 ιι
809 1438 862 1477 nun
876 1422 1017 1491 appellem,

226 1534 287 1572 cunt
298 1520 445 1589 pracsertim
458 1515 491 1571 de
505 1525 547 1569 tua
563 1515 647 1571 salute
659 1523 737 1584 atque
750 1513 925 1579 correctione,
936 1528 1019 1583 quam-

226 1606 274 1663 diu
292 1607 318 1663 in
332 1605 382 1661 hac
395 1606 445 1661 rita
465 1622 505 1674 cs,
525 1604 668 1675 desperare
683 1616 735 1657 non
757 1603 886 1658 audeam?
901 1601 1018 1656 f'rntrenr

229 1698 296 1754 r'cro
308 1707 337 1752 ut
348 1711 450 1761 rocem,
461 1713 513 1751 non
529 1708 554 1752 te
568 1696 632 1751 latet
644 1704 804 1766 pracceptum
816 1695 892 1751 nobis
902 1709 961 1749 esse
975 1694 1016 1749 di·

227 1789 336 1856 rinitus,
345 1788 462 1844 utetiam
472 1789 511 1843 eis
521 1788 563 1858 qni
579 1796 675 1857 negant
689 1802 718 1842 se
729 1787 822 1842 iratres
832 1794 938 1841 nostros
947 1801 1017 1851 esse,

226 1876 358 1946 dicamus,
376 1877 484 1933 Fratres
497 1878 580 1933 nostri
593 1879 672 1943 estis,
687 1887 713 1933 et
728 1878 778 1933 hoc
792 1877 965 1931 veliementer
975 1892 1017 1930 ra·

226 1972 264 2027 let
277 1970 309 2026 ad
324 1984 441 2038 eausam,
453 1978 562 2042 propter
574 1986 653 2041 quam
667 1970 784 2024 scribere
797 1969 866 2023 rolni
883 1967 1017 2022 Fraterui-

225 2052 273 2117 t'ati
285 2069 346 2117 tuce.
361 2061 420 2117 lam
431 2061 500 2117 enim
516 2060 618 2116 reddita
632 2060 734 2116 ratione
745 2074 794 2114 cur
806 2059 924 2130 epistulae
940 2061 1018 2114 talem

225 2151 332 2221 laturam
344 2152 462 2219 fecerim,
479 2151 539 2206 audi
554 2151 734 2221 placidissime
754 2166 812 2220 qnae
827 2160 981 2222 sequuntur.

259 2243 286 2297 2.
302 2244 358 2314 Ego
369 2259 431 2298 eum
453 2243 478 2298 iu
498 2243 548 2298 ista
562 2243 670 2314 regione
686 2242 904 2298 consuetudinem
926 2242 1014 2297 leonti-

226 2350 290 2409 num
304 2335 443 2404 lugendam
457 2345 536 2405 atque
544 2333 731 2405 plangendam,
743 2334 787 2404 qui
802 2347 861 2388 cum
872 2332 1018 2388 eluistiano

227 2425 335 2480 nontine
348 2425 504 2495 gloriemur,
520 2423 685 2481 Christianos
700 2425 864 2494 rebaptizare
878 2440 931 2480 non
946 2424 1019 2480 dubi·

227 2524 295 2582 taut,
309 2516 405 2585 quihus
419 2516 508 2570 verbis
521 2525 640 2586 poteram
654 2517 803 2572 detestarer
815 2533 867 2572 non
877 2516 1019 2573 defuerunt

227 2605 377 2660 laudatores
391 2604 442 2672 tui,
462 2605 508 2676 qui
527 2604 592 2660 mihi
610 2605 731 2661 dicerent
750 2615 775 2661 te
790 2607 837 2661 ista
854 2607 1016 2663 nonfacere.

228 2695 335 2763 Fateor,
349 2696 435 2766 primo
449 2711 501 2751 non
515 2694 625 2752 credidi.
642 2697 742 2752 Deinde
756 2698 926 2754 considerans
940 2714 1018 2768 posse

228 2789 287 2843 lieri
305 2797 334 2843 ut
350 2787 466 2842 animam
481 2787 623 2844 humanam
643 2789 677 2845 de
692 2788 778 2844 futura
793 2790 845 2844 rita
858 2791 1017 2861 cogitantem

228 2877 276 2935 bet
301 2878 381 2934 timor
403 2877 557 2944 invaderet,
579 2886 608 2933 ut
630 2893 659 2934 ιι
682 2879 716 2933 ab
733 2879 833 2935 scelere
850 2880 1019 2949 apertissimo

226 2974 397 3037 temperaret,
412 2967 559 3037 gratulatus
570 2967 681 3036 credidi,
692 2969 761 3038 qnnd
777 2969 819 3023 tali
834 2971 970 3040 proposito
984 2971 1017 3026 ab

227 3057 485 3114 Ecclesizmtholiea
496 3058 612 3113 nolueris
624 3071 683 3114 esse
695 3059 774 3114 nimis
784 3059 896 3115 alienus.
909 3061 1017 3127 Quaere·

222 3147 287 3204 bam
302 3163 367 3205 sane
379 3149 546 3205 occasionem
558 3149 682 3220 loquendi
697 3158 795 3220 tecnnt,
807 3161 834 3207 ut
847 3152 869 3207 si
885 3152 940 3207 fieri
955 3168 1015 3220 pm-

225 3223 277 3307 sct,
290 3255 322 3295 ea
336 3256 396 3311 quae
408 3255 487 3311 parta
501 3252 666 3297 remanserat
679 3243 748 3298 inter
761 3260 810 3298 nos
825 3244 955 3299 dissensio
969 3244 1019 3299 tul-

226 3326 341 3412 lcretur;
355 3346 415 3387 cum
426 3346 488 3389 cccc
498 3341 560 3389 ante
570 3348 669 3405 paucos
678 3334 736 3389 dics
745 3333 885 3390 diaconum
897 3346 1016 3391 nostrum

225 3421 460 3494 llutugermcnsem
476 3432 502 3480 te
515 3424 693 3496 rebaptizasse
708 3422 857 3482 nulrtiatum
875 3437 925 3483 est.
941 3428 1017 3483 holui

224 3512 416 3595 reltementer,
431 3523 459 3568 ιι
473 3513 544 3570 ιΙιιιι
557 3516 737 3573 miserabilem
756 3518 867 3590 lapsum,
885 3529 1015 3587 etloum,

224 3601 316 3677 frater,
328 3604 491 3673 inopinatum
502 3605 599 3660 scelus.
614 3605 682 3660 Noui
694 3607 765 3662 eninr
778 3624 837 3679 quae
850 3609 885 3663 sit
898 3610 1015 3666 Ecclesia

224 3686 366 3747 catholiea.
382 3691 481 3748 Gentes
494 3702 556 3749 sunt
569 3694 709 3752 trareditas
720 3696 831 3763 Christi,
843 3711 867 3753 et
883 3703 1016 3769 possessio

224 3778 323 3837 Christi
345 3781 450 3835 termini
466 3789 553 3837 terrm.
570 3782 659 3840 Nostis
672 3793 699 3839 et
711 3800 772 3852 ros,
788 3797 833 3843 aut
848 3789 869 3843 si
892 3805 945 3843 nnn
965 3805 1015 3845 no·

223 3850 289 3936 ιιιι,
312 3871 461 3938 ιιιιιιιιιι;
486 3872 644 3929 facillimea
667 3874 817 3934 volentibus
835 3880 897 3934 seiri
918 3890 1013 3950 potest.

224 3958 398 4032 hebaptizate
407 3963 486 4034 igitur
499 3963 653 4021 luereticum
664 3965 809 4034 hominem,
824 3972 868 4040 qui
883 3969 940 4026 hnc
954 3988 1015 4027 sau-

224 4050 325 4107 ctitatis
339 4054 412 4126 signa
428 4055 577 4126 perceperit
589 4072 646 4129 quac
659 4059 801 4115 christiana
814 4063 922 4118 tradidit
932 4063 1013 4120 disci·

223 4142 311 4215 plina,
325 4145 434 4202 omnino
446 4157 583 4218 peccatum
602 4157 644 4205 cst
659 4168 665 4204 :
680 4149 845 4221 rebaptizare
860 4163 948 4208 autern
969 4170 1014 4211 ea·

222 4232 361 4302 theticon,
375 4235 595 4294 immanissimum
608 4239 696 4296 scelus
706 4249 757 4297 est.
767 4240 868 4297 Tamen
880 4259 931 4299 tion
946 4245 1013 4301 adeo

222 4322 349 4393 credens,
365 4329 425 4398 quia
444 4329 478 4386 dc
495 4337 521 4387 ιι
538 4329 602 4385 mihi
617 4330 686 4388 berte
698 4347 855 4402 persuasum
874 4335 1010 4406 tenebam,

222 4414 409 4486 bfutugennam
429 4417 486 4489 ipse
506 4420 628 4490 perreni;
641 4429 670 4476 ct
689 4437 750 4478 eum
764 4423 869 4494 quidem
885 4424 1013 4483 miserum

222 4496 314 4587 ridere
327 4520 380 4560 non
394 4507 468 4577 potui
481 4549 487 4573 ,
501 4523 517 4563 a
530 4509 683 4579 parentibus
696 4526 760 4567 rem
774 4512 832 4583 ejus
844 4516 932 4570 audiri
942 4518 1012 4588 quod

223 4595 376 4668 leoteriam
392 4600 472 4656 etiam
493 4599 621 4657 diaconus
640 4603 722 4659 factus
741 4605 785 4661 sit.
801 4606 834 4660 Et
851 4616 937 4664 tarnen
959 4620 1012 4666 tarn

224 4687 293 4779 bene
305 4689 391 4759 adltue
403 4689 437 4746 de
451 4699 496 4746 tuo
505 4692 586 4750 eorde
600 4693 697 4761 sentio,
709 4704 738 4751 ut
749 4710 811 4752 eum
821 4697 1012 4771 rebaptizatum

222 4786 284 4835 ιιιι
299 4795 351 4836 ιιιι
364 4780 481 4837 credam.

256 4870 285 4930 5.
300 4870 388 4939 Quare
400 4880 436 4939 te,
452 4870 534 4928 frater
546 4873 727 4944 dilectissime,
743 4892 791 4948 per
807 4879 972 4938 divinitatem
984 4893 1011 4940 et

221 4960 411 5021 humanitatem
427 4965 529 5021 honriui
550 4967 632 5022 nostri
645 4967 707 5024 lesu
727 4970 824 5027 Christi
837 4972 967 5042 obsecro,
982 4987 1011 5033 ot

220 5055 367 5112 rescribere
381 5057 446 5112 mihi
467 5057 583 5128 digneris
603 5059 666 5128 quid
679 5071 782 5131 gestum
799 5065 850 5131 sit,
866 5074 894 5121 et
912 5067 951 5122 sic
965 5085 1009 5124 rc·

220 5144 352 5213 scribere,
367 5155 396 5201 ut
412 5147 517 5202 noveris
531 5162 575 5201 me
594 5146 620 5200 iu
636 5147 752 5202 Ecclesia
765 5150 891 5209 fratribus
910 5157 1009 5212 trostris

220 5232 358 5317 epistulam
375 5245 445 5290 tuam
461 5238 527 5292 velle
551 5237 673 5292 recitare.
690 5238 765 5305 Qtrtrd
780 5241 841 5295 ideo
853 5244 961 5313 scripsi,
976 5262 1010 5301 ue

220 5334 280 5377 cum
303 5322 329 5378 id
348 5335 438 5394 postea
460 5327 573 5385 heerem
590 5329 661 5400 quod
679 5344 721 5384 mc
742 5345 794 5385 non
814 5347 936 5403 sperares
951 5354 1010 5394 esse

219 5410 361 5479 facturum,
375 5413 537 5473 offenderent
547 5420 709 5475 charitatem
725 5430 810 5487 tnatn,
826 5432 852 5478 et
865 5424 963 5494 justam
976 5430 1009 5485 de

220 5518 264 5560 ιιι
284 5505 354 5575 apud
378 5510 533 5564 communes
556 5512 657 5567 amicos
683 5513 819 5583 querelam
849 5516 1007 5588 deponeres.

218 5592 287 5660 Quid
300 5610 364 5666 ergo
388 5604 414 5651 ιι
428 5595 553 5667 impediat
569 5600 601 5654 ad
620 5603 818 5660 rescribendum
831 5648 838 5673 ,
853 5624 905 5664 non
921 5611 1007 5667 rideo.

217 5684 246 5749 Si
265 5686 335 5743 cuim
356 5687 521 5759 rebaptizas,
546 5689 611 5749 nihil
628 5702 668 5750 cst
686 5695 756 5765 quod
776 5696 897 5758 homiues
912 5703 944 5758 de
964 5714 1008 5760 tuo

1074 418 1187 489 collegio
1202 416 1345 481 formides,
1362 431 1424 472 enm
1438 414 1463 470 id
1477 421 1503 469 ιι
1515 413 1683 484 rescripseris
1695 414 1785 472 facere
1799 421 1875 488 qrtnrl

1075 520 1101 565 te
1120 509 1155 564 illi
1171 509 1257 564 faeere
1269 508 1375 564 etiamsi
1397 509 1627 579 nollesjubereut.
1648 510 1714 567 Cum
1734 520 1827 565 autern
1846 511 1873 563 ιιι

1073 601 1178 671 quantis
1199 601 1318 670 potueris
1338 599 1505 655 documentis
1525 599 1676 657 faciendum
1694 615 1755 656 esse
1773 600 1873 656 defen·

1073 692 1162 756 deris,
1178 707 1230 747 non
1244 694 1329 746 solnm
1346 707 1397 747 non
1414 693 1623 760 succensebunt,
1639 693 1687 749 sed
1702 693 1783 749 ctiam
1798 708 1873 762 prm-

1072 783 1206 839 dieahunt.
1220 782 1248 838 Si
1263 792 1351 837 autent
1367 797 1419 837 non
1435 782 1601 853 rebaptizas,
1615 784 1704 855 arripe
1715 783 1870 837 libertatern

1072 877 1259 941 christianam,
1285 874 1367 930 frater
1389 875 1549 942 blaxitnine,
1571 876 1678 945 arripe,
1703 888 1796 944 quasa
1819 882 1870 937 te;

1073 983 1124 1025 uon
1140 967 1296 1038 cujusquam
1317 967 1449 1033 hominis,
1466 968 1494 1022 in
1509 967 1732 1038 contemplatione
1748 965 1871 1032 Christi,

1071 1071 1116 1120 aut
1127 1065 1362 1136 reprehensionem
1377 1064 1495 1121 verearis
1507 1104 1515 1131 ,
1531 1071 1577 1119 aut
1589 1062 1733 1119 exhorreas
1745 1069 1871 1133 potesta-

1074 1163 1137 1210 tem.
1162 1156 1269 1212 Transit
1279 1157 1365 1212 lronor
1376 1155 1455 1227 hujus
1468 1155 1574 1221 seculi,
1590 1155 1685 1211 transit
1698 1154 1818 1209 ambitio.
1838 1153 1869 1209 ln

1072 1246 1161 1303 futtuo
1175 1247 1273 1304 Christi
1291 1248 1403 1319 judicio,
1425 1262 1475 1303 nee
1494 1246 1593 1302 absidae
1611 1245 1738 1317 gradatae,
1754 1262 1805 1302 nec
1821 1262 1869 1302 m·

1072 1337 1172 1392 tlrednn
1194 1337 1305 1403 relatae,
1329 1353 1379 1393 nee
1399 1335 1642 1392 sanctimonialium
1665 1336 1866 1391 occursantium

1071 1437 1149 1498 atque
1169 1432 1331 1482 cantantium
1351 1441 1444 1498 greges
1465 1425 1660 1482 adhibebuntur
1676 1424 1710 1480 ad
1730 1424 1866 1481 defensio·

1072 1534 1150 1584 uem,
1172 1518 1214 1572 ubi
1236 1517 1365 1588 coeperint
1385 1531 1510 1573 accusare
1533 1514 1722 1582 conscicntia,
1750 1524 1778 1570 et
1801 1529 1868 1569 con-

1071 1607 1241 1662 scientiarum
1261 1607 1360 1662 arhiter
1370 1607 1500 1677 judicare.
1515 1605 1580 1672 Qum
1600 1605 1644 1660 hic
1664 1605 1814 1671 honorant,
1829 1605 1866 1659 ihi

1071 1708 1195 1761 oneraut;
1207 1715 1265 1768 quae
1281 1697 1324 1752 hic
1339 1697 1472 1763 celerant,
1489 1695 1524 1750 ihi
1544 1702 1663 1766 gravant.
1678 1695 1730 1749 ista
1743 1709 1803 1764 qme
1816 1709 1870 1764 pro

1071 1797 1189 1857 tempore
1211 1797 1319 1857 propter
1338 1788 1465 1842 Ecclesiae
1489 1788 1628 1842 utilitatem
1651 1785 1746 1841 horrori
1772 1795 1866 1841 nostro

1070 1879 1242 1942 etltihentur,
1257 1878 1432 1933 defendentur
1447 1877 1516 1933 forte
1529 1878 1597 1933 bona
1611 1877 1791 1943 conscientia;
1814 1877 1864 1933 de-

1071 1967 1179 2022 fendere
1189 1977 1277 2022 autern
1293 1983 1345 2023 non
1358 1976 1482 2038 poterunt
1495 1967 1603 2022 malam.

1105 2058 1132 2113 l.
1147 2057 1223 2123 Quod
1236 2072 1299 2128 ergo
1314 2067 1366 2113 tam
1380 2058 1423 2128 pio
1438 2065 1530 2113 ettam
1545 2058 1670 2128 religioso
1683 2058 1775 2112 animo
1786 2057 1864 2124 facis,

1070 2150 1092 2205 si
1104 2159 1190 2206 tamen
1203 2149 1286 2214 facis,
1302 2159 1330 2204 ut
1344 2151 1469 2205 Ecclesirc
1480 2149 1619 2206 catholice
1633 2149 1795 2219 baptismum
1812 2166 1865 2203 uon

1070 2239 1159 2304 iteres,
1179 2239 1227 2296 scd
1237 2240 1367 2310 approbes
1380 2240 1467 2310 potius
1480 2248 1605 2311 tanquam
1620 2239 1697 2294 unius
1710 2240 1861 2296 verissimae

1070 2330 1171 2396 matris,
1186 2345 1245 2401 qum
1259 2330 1382 2386 omnibns
1394 2329 1519 2400 gentibus
1531 2371 1539 2396 ,
1552 2338 1579 2386 et
1591 2330 1781 2400 regenerandis
1794 2345 1866 2400 prm-

1070 2419 1115 2476 bet
1135 2420 1234 2487 sinunt,
1257 2429 1285 2475 ιι
1308 2421 1472 2491 regeneratis
1495 2421 1575 2476 ubera
1595 2419 1718 2487 infundit,
1738 2429 1865 2491 tanquam

1069 2511 1148 2565 utrius
1160 2511 1337 2580 possessionis
1355 2511 1473 2579 Christi,
1487 2526 1548 2568 sese
1564 2526 1649 2581 usque
1667 2512 1701 2567 ad
1717 2519 1796 2568 terrae
1810 2522 1866 2567 ter-

1070 2602 1156 2657 minos
1168 2603 1342 2672 porrigentis,
1355 2603 1376 2657 si
1392 2602 1443 2657 hoc
1456 2618 1518 2659 tere
1534 2601 1608 2670 facis,
1621 2617 1669 2658 cur
1681 2616 1733 2658 nou
1744 2605 1865 2672 erunrpis

1069 2696 1097 2751 in
1108 2697 1282 2751 exsultantem
1297 2706 1324 2752 et
1346 2696 1456 2751 liberam
1476 2694 1589 2750 rocem?
1609 2709 1657 2750 eur
1679 2694 1795 2750 lucerne
1811 2704 1864 2749 tute

1070 2796 1123 2842 um
1137 2787 1228 2841 utilem
1249 2786 1419 2857 splendorem
1433 2786 1534 2857 premis
1554 2787 1603 2842 sub
1622 2784 1730 2841 modin?
1743 2784 1797 2841 Cur
1809 2800 1866 2842 nou

1069 2877 1187 2933 discissis
1199 2887 1279 2948 atque
1288 2877 1399 2947 abjectis
1413 2878 1547 2933 veteribus
1560 2877 1672 2948 pellibus
1687 2876 1788 2932 timidae
1800 2893 1861 2933 ser·

1070 2970 1170 3034 ιιιιιιιι,
1182 2969 1326 3024 ιιιιίιιιιιιι
1338 2969 1425 3039 potins
1440 2968 1547 3024 indutus
1558 2968 1652 3024 fiducia
1665 2968 1723 3025 eris
1732 2977 1760 3024 ιι
1771 2967 1839 3025 dicis
1853 2988 1861 3024 :

1069 3060 1126 3130 Ego
1141 3075 1221 3115 uuum
1235 3060 1395 3129 baptismum
1410 3060 1482 3127 nori,
1497 3059 1584 3115 l‘atris
1596 3067 1623 3115 ιι
1636 3058 1697 3115 Filii
1707 3067 1733 3115 ct
1746 3059 1864 3130 Spiritus

1069 3151 1154 3204 sancti
1177 3151 1284 3206 uonrine
1308 3158 1492 3209 consecratum
1515 3160 1594 3220 atquc
1617 3150 1770 3222 signatum?
1793 3151 1863 3206 lunc

1070 3242 1182 3298 formam
1199 3244 1242 3298 uhi
1261 3245 1367 3299 intenio
1385 3258 1494 3300 necesse
1515 3253 1556 3300 est
1577 3253 1607 3300 ut
1626 3246 1787 3319 approbem3
1808 3262 1860 3302 non

1069 3333 1177 3388 destruo
1200 3335 1270 3405 quod
1303 3334 1465 3390 dominicum
1492 3348 1627 3405 agnosco,
1661 3350 1714 3390 non
1747 3337 1861 3393 cxsuftiu

1069 3425 1193 3480 uexillum
1208 3426 1277 3497 regis
1291 3420 1353 3482 ntei'.
1368 3425 1474 3481 Vestem
1489 3427 1589 3482 Christi
1601 3436 1628 3483 ct
1644 3428 1688 3499 qui
1703 3428 1861 3496 diviserunt,

1069 3532 1123 3572 uon
1137 3517 1301 3572 riularerunt
1316 3517 1406 3588 (fourr.
1423 3533 1470 3572 ιιιιι
1484 3560 1491 3585 ,
1506 3517 1568 3588 atu
1583 3528 1611 3574 ιι
1630 3519 1666 3573 illi
1681 3519 1769 3575 adhuc
1781 3521 1859 3576 Chri-

1068 3615 1138 3662 stum
1153 3622 1205 3660 ιιι
1216 3617 1426 3664 resurrecturum
1440 3607 1620 3677 crediderant,
1635 3609 1681 3667 sed
1701 3611 1860 3668 morientem

1069 3696 1201 3752 ridebant.
1216 3698 1244 3753 Si
1255 3713 1268 3751 a
1282 3699 1495 3768 persecutoribus
1510 3699 1592 3755 restis
1602 3714 1655 3755 uon
1670 3701 1804 3757 conscissa
1818 3711 1860 3758 est

1068 3786 1208 3856 pendentis
1226 3789 1251 3843 in
1269 3805 1367 3856 eruce,
1383 3805 1431 3846 cur
1445 3806 1460 3845 a
1475 3789 1632 3846 Christianis
1651 3793 1797 3847 destruitur
1817 3810 1859 3849 sa-

1068 3887 1232 3934 cramentum
1255 3880 1373 3936 sedentis
1395 3882 1420 3936 in
1436 3880 1525 3936 eoelot
1538 3881 1566 3937 Si
1579 3882 1675 3937 veteris
1687 3883 1777 3953 papuli
1791 3893 1859 3938 tem-

1069 3968 1177 4038 poribus
1191 3969 1298 4026 tudens
1313 3986 1411 4038 essent,
1422 3971 1529 4042 quando
1542 3972 1613 4026 aliud
1627 3987 1688 4028 essc
1700 3974 1796 4030 melius
1806 3990 1860 4029 nun

1067 4075 1193 4131 possem,
1217 4064 1380 4133 accepissem
1405 4064 1495 4135 utiquc
1518 4065 1758 4127 circumcisionem.
1783 4067 1858 4136 Qrtud

1066 4154 1230 4225 signaculum
1240 4154 1352 4224 justitiet
1365 4154 1425 4210 hdei
1439 4163 1540 4211 tanturn
1559 4157 1604 4211 illo
1624 4164 1744 4228 tempore
1758 4158 1859 4222 valuit,

1066 4257 1207 4316 antequam
1228 4246 1330 4304 hottiiui
1352 4254 1526 4301 evacuaretur
1538 4247 1651 4301 adt-enm
1664 4288 1672 4315 ,
1687 4256 1716 4303 ut
1730 4247 1856 4303 infantem

1068 4335 1151 4390 hlium
1166 4335 1248 4408 hlopsi
1263 4337 1379 4407 hugelus
1393 4336 1573 4406 praefocasset,
1590 4337 1641 4393 uisi
1653 4348 1739 4393 mater
1750 4351 1857 4408 arrepto

1065 4428 1167 4484 calculo
1189 4428 1398 4488 circumcidisset
1419 4443 1540 4498 puerum,
1567 4437 1595 4486 et
1616 4427 1667 4483 hue
1690 4438 1857 4485 sacramento

1066 4519 1248 4575 inuninentem
1262 4520 1408 4590 perniciem
1421 4519 1567 4590 depulisset
1579 4519 1675 4591 (fiand.
1688 4536 1724 4589 ιι,
1736 4521 1783 4587 ιι,
1798 4521 1855 4593 ιιι.

1066 4611 1123 4666 ιιιι
1135 4619 1329 4669 sacramentum
1351 4612 1431 4667 etiam
1445 4612 1588 4668 lordanem
1610 4612 1719 4669 durium
1739 4614 1855 4669 refrena-

1066 4701 1117 4768 rit,
1145 4709 1174 4756 et
1196 4701 1300 4756 reduxit
1320 4702 1347 4756 in
1368 4702 1478 4759 fontern.
1505 4703 1561 4758 flue
1583 4714 1777 4761 sacramentnm
1801 4706 1855 4776 ipse

1065 4791 1202 4858 bortrinns,
1216 4791 1337 4861 quamtis
1351 4793 1519 4849 evacuaverit
1538 4794 1690 4862 crucifixus,
1706 4803 1794 4851 ιιιιιιι
1807 4813 1853 4850 na·

1065 4893 1107 4940 tus
1120 4885 1231 4955 accepit.
1247 4885 1304 4942 Non
1319 4886 1390 4943 enim
1413 4886 1546 4956 signacula
1570 4886 1613 4941 illa
1636 4885 1759 4940 dautnata
1775 4898 1853 4950 snut,

1063 4977 1111 5052 sed
1122 4976 1326 5037 succedentibus
1340 4976 1574 5048 opportunioribus
1586 4976 1770 5033 decesserunt.
1783 4976 1849 5032 Nam

1064 5069 1132 5125 sicut
1145 5069 1375 5124 circumcisionem
1390 5068 1497 5123 abstulit
1516 5067 1619 5123 bnnriur
1636 5069 1738 5138 primns
1757 5069 1855 5124 adren-

1065 5166 1117 5224 tus,
1132 5158 1171 5213 sic
1185 5157 1348 5229 baptismum
1361 5157 1464 5224 auferet
1479 5159 1611 5213 sccundus
1625 5159 1765 5214 adrentus.
1780 5159 1855 5215 Sicut

1063 5250 1134 5304 enim
1147 5264 1218 5304 nunc
1232 5259 1402 5320 posteaquam
1415 5249 1487 5304 teuit
1507 5249 1615 5306 libertas
1629 5250 1709 5318 fidei,
1726 5259 1752 5305 ct
1768 5267 1854 5307 tcuto-

1064 5350 1119 5396 tum
1134 5350 1175 5396 est
1189 5340 1323 5396 servitutis
1332 5339 1444 5412 jugum,
1461 5341 1548 5396 nullus
1569 5341 1729 5400 christianus
1741 5344 1853 5402 eircmn·

1063 5431 1159 5486 etdltm·
1176 5447 1272 5497 carne;
1288 5433 1328 5485 sie
1342 5440 1405 5487 tuuc
1427 5435 1599 5504 regnantibus
1616 5435 1696 5506 justis
1718 5452 1778 5493 cum
1801 5439 1851 5493 llo·

1064 5521 1145 5589 ntiuo,
1168 5521 1353 5593 damnatisque
1377 5523 1482 5592 impiis,
1498 5541 1577 5581 nemo
1598 5527 1792 5598 baptizabitur,
1808 5529 1853 5584 sed

1064 5612 1127 5666 illud
1142 5613 1212 5683 quud
1228 5614 1275 5668 ista
1291 5614 1469 5685 pra-figurant,
1485 5616 1509 5670 id
1525 5628 1564 5671 est
1578 5618 1745 5675 circumcisio
1755 5621 1852 5687 cordis,

1063 5715 1090 5761 et
1102 5706 1230 5762 retunditis
1245 5708 1415 5765 conscientia
1431 5708 1547 5764 ntattrhit
1560 5712 1586 5767 in
1601 5721 1739 5768 aeteruum.
1752 5714 1779 5771 Si
1791 5729 1853 5783 ergo
