3906 6390
97 340 133 401 ι,
706 286 1140 383 rursrousruucmsstst

99 454 154 512 bris
166 452 316 510 divinorum
329 446 468 504 librorum
478 439 637 499 testimoniis
653 436 793 493 incutiatur
804 434 884 492 timor

99 557 127 603 et
140 543 256 601 cinritas
270 540 333 596 bei:
347 539 369 593 si
383 545 472 592 tarraco
495 533 538 589 ille
559 531 604 602 quui
626 530 678 584 boc
691 527 755 598 agit,
768 524 885 594 seipsum

80 642 83 646 ’
99 630 445 708 praematpauoattenque
458 622 613 680 numilitatis
621 618 785 689 exemplum,
798 617 887 671 miuus

98 725 148 782 sibi
161 712 322 783 assumendo
333 733 413 790 quem
433 716 560 779 obertum
579 711 626 769 sed
641 708 777 766 tamenab
790 705 886 778 eisqui

98 831 127 872 so
137 815 269 872 bonoram
278 827 329 869 uec
337 818 422 868 totum
434 822 485 864 nec
493 806 560 863 nibil
567 801 733 873 accipiendo,
742 798 805 854 etid
815 795 886 869 quod

98 908 226 978 accipitur
235 905 320 961 laudis
334 912 380 958 aut
391 899 510 964 lionoris,
526 912 578 952 noe
593 902 700 966 propter
714 891 800 963 sequi
815 897 886 945 totus

97 1014 188 1057 coram
202 998 258 1054 beo
271 1012 331 1053 esse
345 995 424 1051 debet
445 1000 473 1048 ct
493 990 607 1044 lmmarra
630 993 812 1050 contemnere,
837 980 886 1039 sed

96 1088 276 1162 pmptsrtttas
287 1085 434 1156 accipiatur
446 1082 542 1154 quibrrs
554 1078 693 1135 consulere
713 1090 766 1131 uon
785 1081 884 1145 potest,

97 1188 120 1244 sl
133 1186 214 1241 nimia
224 1178 500 1255 dejectiouerilescat.
509 1173 686 1232 Adboceuim
694 1169 809 1241 pertinet
815 1165 885 1239 qrrod

1694 328 1732 393 ll

937 430 1007 497 nire,
1019 432 1042 486 si
1055 432 1124 488 inter
1137 446 1185 488 cer
1199 448 1288 489 areum
1305 441 1332 489 et
1343 448 1390 490 cor
1404 442 1478 491 tuum
1491 436 1559 503 ulia¹
1573 445 1663 495 csserrt
1676 440 1713 496 mi

937 520 1044 576 nisteria
1057 529 1153 591 preter
1166 536 1199 577 os
1210 536 1301 577 mcum
1316 532 1343 578 ct
1353 537 1432 579 aures
1445 534 1514 582 tuas.
1529 527 1560 581 Si
1572 536 1660 585 antem
1677 542 1728 587 rs·

936 610 1061 666 notabilis
1074 611 1151 667 nobis
1164 613 1335 683 omniumque
1356 624 1478 670 nastrum
1500 624 1554 671 tota
1575 615 1730 677 sinceritate

936 701 1117 770 charissimus,
1131 703 1208 775 cujus
1220 703 1248 759 in
1261 712 1287 759 te
1302 719 1364 759 sero
1380 704 1523 763 lrstcrrram
1534 722 1594 762 cum
1610 721 1729 778 presens

936 806 1022 849 essem
1043 792 1234 865 benigmtmem
1252 793 1422 865 studiumque
1435 797 1567 868 perspexi,
1582 813 1665 855 senex
1677 797 1728 855 Sa·

937 884 1058 941 turninus
1072 885 1111 957 (ui
1130 883 1257 957 dignatus
1275 883 1363 951 luerit,
1377 885 1484 954 quaudo
1495 896 1672 957 opportunum
1684 886 1726 944 ri·

936 973 1051 1041 debitur,
1066 975 1099 1029 ad
1115 989 1165 1030 nos
1176 975 1276 1042 renirc,
1287 973 1415 1046 quidquid
1427 990 1488 1031 cum
1502 977 1558 1048 ejus
1571 977 1737 1055 Sanctitate,¹

937 1073 964 1119 ct
978 1065 1106 1136 spirituali
1120 1065 1216 1123 allecte
1228 1067 1344 1138 colloqui
1354 1069 1528 1137 potuerimus,
1541 1079 1587 1124 aut
1599 1068 1674 1137 uilril,
1683 1078 1729 1126 aut

936 1170 989 1213 nnn
1003 1155 1113 1210 multum
1128 1156 1246 1223 distabit,
1257 1172 1289 1212 ac
1298 1158 1321 1213 si
1330 1173 1390 1212 curu
1403 1167 1447 1213 tua
1461 1159 1615 1229 bipnationc
1627 1160 1652 1214 id
1663 1175 1727 1231 ape·

97 1276 197 1334 dippum
210 1283 263 1342 ιιι,
277 1272 359 1329 Nm
368 1272 524 1343 juvenem
535 1275 605 1322 pm
617 1268 760 1319 „parmi
773 1256 800 1333 (ι
816 1258 883 1313 Γ...
934 1257 1036 1299 munus.
1051 1243 1127 1312 Quod
1142 1254 1171 1300 ut
1188 1246 1325 1303 uobiscum
1337 1247 1372 1303 ab
1390 1263 1424 1303 co
1436 1257 1527 1318 petere
1541 1259 1620 1320 atque
1641 1248 1728 1319 impe·

97 1383 135 1434 rr,
149 1366 209 1438 t2);
221 1381 280 1421 eunt
295 1363 347 1419 bue
360 1363 404 1417 illc
416 1360 525 1424 dixerit,
539 1360 583 1428 ptri
598 1354 650 1410 alio
665 1353 723 1407 loeo
735 1351 787 1406 ait:
802 1348 831 1405 st
843 1348 887 1403 be

98 1456 207 1511 nrirribos
219 1455 318 1526 placore
330 1452 428 1520 uellem,
441 1448 534 1505 Christi
552 1461 636 1501 seruus
651 1460 701 1498 ttort
716 1456 794 1496 cuerit
814 1437 884 1511 (dol.

97 1561 117 1613 r,
130 1543 185 1617 tu).

131 1656 158 1710 e.
178 1653 301 1726 llapnum
315 1661 358 1708 est
371 1651 404 1707 dc
419 1648 564 1706 bonoribus
573 1657 601 1703 et
614 1643 735 1701 laudibus
748 1640 885 1698 bominum

97 1759 150 1800 non
162 1744 258 1809 lutari,
272 1742 318 1799 scd
326 1753 354 1798 et
362 1756 467 1797 onlnem
477 1753 600 1808 pompam
612 1737 716 1790 inanem
729 1731 884 1803 praecidere,

97 1843 126 1891 ct
135 1835 157 1892 si
169 1835 231 1905 quid
245 1834 306 1889 inde
316 1832 494 1888 necessarium
505 1830 643 1894 retinetur,
655 1825 680 1881 id
692 1833 775 1881 toturn
788 1824 821 1878 ad
832 1823 885 1878 uti·

96 1924 196 1979 litatem
217 1921 402 1978 honorantium
416 1921 580 1990 salutemque
594 1918 726 1972 conterre.
741 1915 798 1971 Nou
813 1914 885 1970 enim

98 2014 192 2068 irrrstrn
205 2013 304 2068 dictum
318 2020 360 2066 cst
371 2028 378 2065 t
390 2009 459 2064 deus
473 2010 613 2080 consrirrpet
624 2022 681 2062 osso
691 2006 819 2061 bondrtnnr
828 2004 890 2075 pla-

98 2103 291 2157 rcrcrelentium
300 2101 385 2174 (Psoi.
397 2115 442 2166 tu,
453 2097 491 2171 6).
500 2099 569 2166 butu
578 2098 647 2152 euim
655 2096 814 2166 languidius,
823 2093 886 2164 quid

99 2200 152 2244 tam
171 2192 229 2247 siue
248 2191 390 2246 stabilitate
408 2204 439 2244 sc
452 2188 615 2253 fortitudine,
629 2187 698 2257 quod
713 2201 773 2241 ossa
786 2184 887 2255 sigub]-

99 2288 170 2348 cant,
185 2295 263 2349 puram
279 2278 360 2334 bento
372 2290 452 2349 querat
464 2278 535 2332 male
548 2277 711 2346 horrentium
733 2274 821 2344 lingua
837 2274 887 2329 de·

43 2444 48 2450 ι
100 2374 195 2442 bilitat,
211 2388 271 2429 cum
291 2373 358 2428 sciat
369 2373 434 2427 tarso
448 2386 509 2427 mse
521 2386 579 2440 quac
600 2369 742 2425 dicuutur?
755 2368 837 2438 Cujtrs
849 2367 888 2424 rel

98 2467 175 2522 dolor
196 2466 271 2520 nullo
292 2465 372 2521 modo
391 2465 486 2520 animae
504 2463 605 2519 uiscera
627 2463 774 2529 dilaniaret,
790 2461 813 2516 si
834 2474 888 2516 nen

98 2571 173 2609 aruer
186 2555 271 2610 laudis
284 2569 344 2610 ossa
359 2554 416 2624 ejus
435 2552 623 2623 coulriugcrct.
643 2552 778 2607 Presumo
793 2553 829 2607 ds
844 2564 889 2606 ro·

98 2646 163 2701 imre
176 2644 257 2699 animi
279 2646 316 2698 tui
327 2662 333 2698 :
346 2645 433 2715 itaque
446 2643 496 2698 ista
509 2656 567 2712 tpuae
582 2651 668 2697 tecum
690 2641 809 2708 consero,
822 2636 887 2695 milri

98 2737 170 2802 dicu3
182 2733 299 2806 dignaris
310 2742 408 2800 turnum,
419 2732 510 2798 credo,
519 2746 622 2787 mecum
631 2730 800 2786 considerare
809 2743 888 2800 purant

98 2828 152 2882 siut
165 2826 264 2898 grauia,
278 2839 356 2896 uuam
369 2824 496 2879 dillicilia.
509 2821 566 2877 lion
579 2822 649 2877 enirn
664 2821 743 2892 liujus
752 2821 836 2876 bustis
847 2821 889 2877 ri·

98 2933 142 2974 res
156 2919 245 2985 sentit,
263 2917 313 2975 nisi
328 2917 372 2988 qui
389 2916 415 2971 ri
437 2915 535 2971 bellum
550 2914 687 2980 indixerit3
702 2914 763 2985 quiin
784 2914 806 2969 si
829 2915 889 2969 cui·

98 3024 176 3080 mmm
190 3008 266 3064 facile
280 3016 321 3064 cst
335 3006 412 3063 laude
424 3018 516 3062 curere
530 3005 594 3060 dum
607 3005 761 3076 denogatur,
782 3005 888 3060 diliteilo

98 3109 140 3156 est
161 3115 193 3157 ca
211 3115 264 3157 non
284 3099 411 3156 delectari
432 3114 492 3155 cum
512 3099 638 3166 ollertur3
658 3108 793 3155 ettamen
816 3106 888 3154 tanta

99 3193 195 3249 mentis
208 3193 234 3249 in
249 3192 334 3248 buum
348 3190 428 3248 debet
439 3205 500 3248 csse
519 3191 669 3263 suspensio,
682 3199 710 3246 ut
722 3192 745 3246 si
758 3206 811 3245 non
830 3206 889 3246 rne-

99 3287 150 3342 rito
163 3285 313 3353 laudemur,
326 3286 489 3356 corrigamus
499 3298 621 3354 eosquos
634 3298 788 3356 possurnus3
800 3300 834 3339 nc
843 3299 889 3339 nr·

99 3379 229 3435 bitrcutur
241 3388 287 3433 aut
299 3379 325 3433 in
338 3376 415 3432 nobis
427 3392 487 3433 esse
499 3375 570 3447 quod
582 3386 696 3443 nonest,
712 3384 757 3432 aut
769 3386 888 3432 nostrum

98 3486 158 3527 esse
178 3470 248 3543 quod
263 3469 310 3526 liei
323 3477 373 3538 est,
386 3477 433 3525 aut
446 3484 477 3525 ea
492 3469 601 3524 laudent
621 3470 681 3538 oum
694 3468 814 3539 quamvis
835 3483 888 3523 non

99 3562 187 3620 desint
199 3562 286 3627 nobis,
300 3561 440 3617 autetiam
454 3560 600 3630 supersint,
621 3573 786 3629 nonunquam
800 3567 889 3615 tamen

100 3662 164 3711 srtut
180 3653 337 3719 laudabilia;
354 3652 430 3709 uelut
441 3659 503 3706 surrt
516 3650 586 3706 bona
599 3649 686 3705 omnia
698 3665 757 3721 qum
770 3649 811 3704 rel
827 3666 890 3706 curn

99 3743 239 3814 pecoribus
252 3742 382 3800 hebenus
395 3742 558 3808 communia,
571 3740 615 3796 rel
624 3754 685 3795 cum
699 3740 787 3810 impiis
801 3739 889 3794 laomi-

100 3836 187 3891 uibus.
201 3834 230 3891 st
241 3842 330 3890 autem
345 3834 442 3890 merito
451 3830 591 3888 laudamur
604 3840 711 3903 propter
724 3831 817 3897 benur,
828 3846 890 3901 pra-

14 3991 25 4009 ,
99 3928 215 3984 tulcmur
230 3925 271 3982 cis
284 3925 380 3996 quibus
394 3925 480 3997 placet
500 3939 591 3981 rernm
605 3923 719 3990 bonnm;
735 3936 787 3978 oron
800 3931 889 3980 tumen

99 4020 176 4076 urbis
188 4019 247 4090 quia
264 4020 398 4090 placemus
408 4017 572 4084 horninibus,
585 4015 632 4072 sed
645 4017 668 4073 si
682 4031 771 4072 coram
786 4015 841 4072 Deo
853 4024 890 4071 ta·

100 4112 140 4168 ies
153 4126 256 4180 sumus,
269 4111 361 4181 quales
373 4126 422 4166 nos
434 4126 494 4175 esse
506 4110 628 4177 credunt,
650 4117 679 4165 ct
698 4123 751 4165 nou
765 4108 890 4164 tribuitur

99 4201 187 4270 nobis,
200 4201 247 4258 scd
260 4200 325 4268 beo,
336 4202 411 4272 cujus
424 4202 493 4257 dena
506 4209 566 4257 sunt
580 4200 739 4272 omniaque
756 4216 819 4257 scre
833 4216 890 4258 mc·

100 4294 204 4364 rituque
214 4292 366 4349 larudantur.
380 4293 442 4349 llaec
460 4294 526 4348 milri
541 4294 597 4365 ipsc
610 4301 688 4349 cerato
702 4293 830 4366 quotidie,
846 4294 889 4350 rel

99 4386 189 4456 potius
204 4386 248 4441 ille
262 4385 338 4456 cujus
353 4386 476 4442 salutaria
488 4395 619 4456 precepto
634 4394 705 4451 sunt,
716 4401 890 4458 numerumque

100 4479 156 4535 sire
167 4478 194 4533 in
206 4477 305 4534 diuinis
318 4476 489 4534 Lectionibus
504 4478 682 4545 inveniuntur,
701 4478 757 4534 sire
776 4493 836 4549 que
848 4479 890 4534 in·

99 4570 232 4626 trinsecus
243 4569 334 4625 animo
354 4579 547 4640 suggerentem
567 4577 594 4626 ct
615 4578 703 4626 tumen
718 4571 891 4628 relrcmcnter

99 4674 159 4713 enm
173 4658 326 4714 adrcrsarlo
339 4658 479 4725 dimicans,
492 4673 563 4728 saepe
578 4659 613 4714 ab
629 4674 662 4715 co
679 4660 788 4716 uulnera
802 4661 889 4732 capio,

79 4827 81 4832 Ι
98 4750 377 4807 condelectationem
399 4750 495 4807 oblatu
516 4750 601 4807 laudis
623 4750 689 4807 mild
713 4752 816 4808 aulerrc
837 4768 890 4808 non

99 4855 218 4912 passum.

134 4953 162 5010 b.
184 4953 248 5010 llec
270 4962 411 5025 propterca
425 4953 529 5026 scripsi,
546 4962 574 5010 ut
585 4955 609 5011 si
624 4963 675 5013 tue
688 4956 825 5014 sarmenti
835 4959 890 5029 jam

100 5060 154 5099 nura
169 5051 231 5100 suut
245 5045 406 5114 neccssaria,
418 5044 475 5103 sire
488 5045 561 5117 quod
575 5044 650 5116 plura
670 5046 819 5118 hujusmodi
834 5048 892 5120 ipse

100 5135 203 5208 cogites
216 5145 297 5206 atque
310 5135 425 5204 utiliora,
438 5137 495 5194 sire
507 5137 578 5209 quod
590 5147 641 5194 tuae
655 5137 793 5195 Sanctitati
806 5140 892 5196 medi·

100 5223 160 5280 cina
173 5225 223 5281 ista
233 5240 287 5282 nou
299 5241 368 5297 opus
379 5227 424 5294 sit,
438 5227 507 5284 mala
518 5236 607 5285 tamen
622 5243 680 5284 mea
694 5236 756 5284 nota
770 5230 822 5285 sint
833 5229 892 5300 tibi,

101 5317 223 5389 sciasque
233 5318 303 5374 unde
311 5333 359 5389 pro
367 5334 424 5374 mea
437 5319 590 5378 infirmitate
603 5321 685 5378 Deum
696 5337 790 5394 rogare
800 5320 894 5394 digne·

102 5409 157 5465 ris:
168 5410 238 5482 quod
252 5419 282 5467 ut
299 5410 494 5481 impensissime
506 5411 598 5478 lacios,
610 5412 723 5470 obsecro
734 5429 783 5484 per
801 5412 893 5471 liuma-

103 5500 215 5557 nitatem
230 5501 301 5559 illius
314 5502 358 5574 qui
372 5511 534 5574 preceptum
548 5501 622 5561 dedit
636 5513 665 5559 ut
678 5504 792 5561 invicem
811 5519 894 5561 onera

105 5599 197 5647 nostra
208 5601 353 5663 portemus.
364 5592 443 5649 llulta
453 5603 581 5665 suntque
590 5593 624 5650 de
634 5594 687 5651 rita
697 5603 786 5650 nostra
796 5604 822 5650 et
831 5609 896 5651 cun·

107 5684 258 5742 remotione
270 5683 407 5755 deberem,
423 5700 481 5759 quc
495 5684 592 5743 uollcru
601 5685 756 5758 perlitteras
767 5685 802 5743 ad
815 5694 840 5745 tc
851 5700 895 5745 re·

936 1341 1008 1389 trare
1027 1334 1156 1404 timueris,
1172 1336 1252 1391 mods
1272 1336 1398 1407 precibus
1410 1352 1504 1409 posco,
1518 1339 1625 1408 omittis
1644 1338 1727 1395 rerba

936 1422 1008 1479 nulla
1023 1423 1167 1479 sufficiunt.
1185 1426 1335 1481 Absentiam
1348 1430 1419 1482 enim
1434 1443 1521 1483 meam
1536 1436 1639 1485 tanturm
1650 1431 1729 1501 longe

936 1510 1120 1585 llipponcuses
1133 1515 1307 1573 rcbcmontcr
1327 1519 1459 1589 nimisque
1472 1518 1626 1585 lurnridant,
1642 1534 1728 1591 neqrre

936 1603 991 1659 ullo
1004 1605 1084 1659 modo
1095 1605 1158 1660 milri
1172 1607 1210 1662 sic
1228 1607 1319 1662 solunt
1337 1607 1457 1673 credere,
1472 1618 1500 1663 ut
1519 1619 1545 1664 ct
1558 1625 1608 1680 ego
1623 1608 1729 1669 videtin

936 1708 1026 1765 agrruu
1042 1711 1121 1766 ‹puctn
1134 1698 1144 1728 ¹
1158 1696 1284 1753 fratribus
1297 1699 1388 1753 dutum
1404 1701 1555 1769 provisione
1570 1710 1596 1756 et
1609 1699 1728 1756 liberali·

938 1795 990 1840 tute
1003 1797 1045 1840 tua
1058 1786 1209 1855 didicimus,
1220 1799 1282 1844 ante
1295 1789 1434 1859 epistolum
1447 1799 1529 1856 tuam,
1544 1804 1591 1858 per
1607 1798 1729 1845 sanctum

938 1877 1045 1933 fratrent
1066 1885 1094 1933 ct
1112 1893 1268 1934 couserrum
1291 1888 1411 1935 nostrum
1432 1881 1619 1944 Purtlrcuinm,
1639 1896 1654 1934 a
1675 1895 1730 1952 quo

937 1969 1019 2024 rnttlta
1043 1969 1103 2035 alia,
1127 1985 1186 2041 qum
1210 1968 1301 2024 audire
1322 1969 1549 2036 desiderabamus,
1569 1970 1728 2025 erudivimus.

938 2057 1076 2113 Praestabit
1089 2059 1216 2113 bominus
1230 2066 1258 2113 ut
1273 2059 1353 2114 ctiam
1367 2068 1476 2125 caetera,
1491 2074 1550 2129 qum
1563 2059 1649 2116 adbuc
1660 2059 1730 2115 desi·

937 2148 1073 2218 dommus,
1086 2149 1254 2221 impleantur.

1150 2277 1315 2335 russeus
1336 2277 1442 2333 xxrrr·
1463 2277 1512 2351 (u).

940 2412 1094 2483 dispostione
1108 2413 1249 2470 Maximino
1260 2416 1375 2487 episcopo
1389 2416 1531 2480 dorurtistm,
1544 2416 1587 2486 ptri
1596 2416 1731 2473 diaconion

975 2505 1125 2559 cutlrolicmn
1139 2505 1305 2577 rebaptizasse
1317 2507 1453 2572 dirmetum,
1468 2516 1493 2559 ut
1507 2517 1550 2560 uret
1564 2508 1674 2578 fetentur
1687 2512 1702 2579 p
1716 2538 1730 2550 ·

975 2603 1053 2660 ctrina,
1068 2603 1111 2648 out
1125 2596 1273 2665 profitentur
1287 2613 1313 2649 sc
1326 2596 1511 2660 ortlredururn,
1535 2595 1643 2650 inritans
1657 2596 1731 2652 illum

975 2688 1014 2738 cei
1027 2684 1062 2737 ud
1073 2686 1234 2754 colloquiunt,
1250 2685 1289 2739 uel
1300 2685 1333 2739 ud
1346 2685 1539 2751 rescribcndmn,
1556 2695 1582 2740 ut
1596 2688 1733 2743 roricerdt'u

976 2774 1096 2829 Ecclcslrc
1108 2777 1241 2830 sorriutur.

941 2907 1055 2962 borniuo
1065 2908 1238 2963 dilectissimo
1248 2918 1275 2964 et
1285 2909 1432 2965 lrmrorabili
1445 2910 1519 2966 tratri
1532 2911 1731 2987 Marrucinis),

975 3000 1139 3056 beousrrsus
1148 3000 1286 3073 presbyter
1295 3001 1420 3058 Ecclesim
1427 3003 1612 3071 catirolieu,in
1622 3004 1734 3059 bomine

975 3089 1097 3144 salutem.

977 3221 1003 3275 l.
1022 3220 1178 3291 Prirrsrpuam
1198 3219 1231 3275 ad
1247 3236 1302 3277 rem
1321 3222 1424 3276 reniam
1437 3221 1471 3278 de
1483 3237 1534 3293 qua
1548 3232 1599 3281 tum
1614 3225 1733 3281 Benevo-

939 3308 1029 3367 lentim
1041 3309 1158 3365 scribere
1173 3310 1254 3375 rulrti,
1274 3311 1343 3365 tituli
1355 3310 1433 3380 lrttjus
1449 3312 1578 3381 epistolar,
1591 3330 1624 3368 nc
1637 3314 1677 3369 rel
1693 3323 1731 3383 te,

939 3403 985 3459 vel
997 3401 1075 3455 alium
1091 3401 1241 3471 quempian
1260 3411 1375 3468 moreat,
1396 3404 1525 3458 rationem
1543 3403 1659 3460 breviter
1670 3405 1733 3460 red·

939 3489 1012 3545 darn.
1023 3489 1142 3552 Destino,
1158 3488 1261 3559 scripsi,
1276 3491 1338 3559 quia
1352 3492 1547 3560 scriptumest:
1563 3491 1613 3547 Vos
1622 3497 1648 3547 ln
1658 3492 1733 3549 liber·

940 3589 1016 3635 tutem
1028 3579 1109 3635 uocati
1119 3581 1188 3648 estis,
1202 3585 1303 3654 fratres,
1317 3591 1414 3637 tuntrnu
1429 3601 1460 3637 ne
1473 3582 1609 3639 libertatern
1622 3587 1648 3641 in
1660 3603 1733 3642 occo·

940 3672 1035 3726 rientem
1056 3672 1140 3726 curnis
1158 3671 1231 3739 detis,
1250 3672 1295 3727 sed
1305 3690 1351 3744 per
1365 3673 1512 3729 altentatem
1530 3677 1618 3731 aetite
1629 3679 1734 3735 inuicem

941 3760 1012 3836 (Gal.
1027 3778 1054 3832 r,
1075 3762 1133 3833 ld).
1145 3760 1213 3818 Cum
1224 3777 1287 3835 erpo
1297 3763 1339 3819 rel
1352 3765 1403 3820 lroc
1412 3764 1471 3836 ipso
1483 3766 1571 3822 oilicio
1584 3768 1733 3825 litterarum

941 3867 989 3924 per
1002 3851 1156 3909 claritatem
1169 3852 1214 3908 tibi
1227 3854 1352 3921 serviam,
1366 3870 1418 3911 non
1432 3856 1546 3913 absurde
1559 3868 1585 3914 te
1594 3856 1733 3917 dominum

941 3958 1009 3999 roco
1019 3951 1127 4015 propter
1137 3959 1218 3999 uuum
1233 3952 1260 4000 et
1271 3962 1362 4002 rernm
1379 3947 1520 4004 bominum
1542 3960 1662 4007 nostrum
1685 3953 1734 4024 qut

942 4035 1018 4090 nobis
1031 4034 1081 4090 istu
1094 4035 1228 4106 precepit.
1244 4035 1412 4094 Dilectissimo
1429 4050 1519 4096 autem
1533 4041 1606 4113 quod
1625 4042 1734 4117 scripsi,

941 4126 1734 4204 nouitbeusquodnonsolumtcdiligam,sediradiiigamut

941 4218 1091 4288 meipsum
1114 4217 1328 4289 quandoquidem
1352 4218 1421 4276 bene
1445 4222 1509 4276 milri
1531 4237 1589 4276 sum
1611 4224 1734 4283 conscius

940 4309 1008 4364 bona
1022 4324 1065 4364 mc
1079 4308 1124 4363 tibi
1137 4317 1229 4379 optare
1242 4324 1301 4380 qum
1323 4309 1398 4365 milri.
1421 4309 1573 4367 llonerubiii
1585 4329 1648 4368 rcro
1661 4315 1733 4385 quod

941 4399 1041 4468 adlidi,
1063 4414 1115 4453 nou
1128 4399 1161 4453 ad
1175 4398 1224 4454 lruc
1234 4397 1333 4467 addidi,
1347 4407 1374 4455 ut
1384 4399 1542 4457 lrunorarem
1553 4402 1735 4473 episcopatum

942 4500 1030 4557 tuum;
1052 4489 1117 4545 mibi
1135 4488 1207 4545 enim
1226 4490 1367 4562 episcopus
1380 4505 1432 4545 non
1446 4507 1486 4558 cs,
1502 4508 1587 4563 ncqtre
1609 4491 1659 4548 buc
1673 4510 1734 4553 cum

941 4581 1206 4639 contuurcliudictum
1219 4582 1369 4653 acceperim
1381 4582 1427 4639 scd
1440 4583 1635 4657 exanimeque
1650 4587 1676 4641 in
1687 4600 1735 4643 ora

974 4719 983 4751 ¹
996 4725 1047 4768 tm.
1059 4716 1115 4768 sad.
1128 4723 1155 4770 ct
1165 4716 1370 4778 assuescite.
1383 4716 1436 4777 tlii,
1448 4717 1507 4770 uilo.

973 4780 1265 4848 ¹s·ieuuuscvatic.,uee
1272 4777 1344 4828 male.
1352 4778 1416 4827 alter
1424 4781 1506 4848 t'etic,
1517 4786 1543 4830 nt
1550 4785 1572 4832 ct
1580 4793 1623 4846 epe
1630 4783 1736 4839 raderent

941 4837 1261 4951 “lidrid‘diddll
1276 4840 1594 4951 '‘t''idlll‘ffl‘ll‘
1608 4845 1691 4964 stt
1711 4917 1733 4955 ι

942 4900 1310 5011 duobusbnmuobusst'tbg
1354 4934 1361 4947 ⁵
1405 4933 1412 4948 ⁹
1447 4916 1628 4966 '⁸⁴8'ng
1659 4937 1666 4950 ’
1692 4938 1700 4953 ⁰

943 5034 1008 5072 cum.
1021 5028 1071 5069 tm.
1084 5019 1138 5068 md.
1153 5026 1191 5067 rr.
1203 5025 1257 5069 tur.

974 5081 1010 5155 (a)
1018 5082 1140 5131 sosarnus
1149 5091 1181 5129 ea
1192 5080 1231 5131 bio
1241 5081 1273 5130 sit
1285 5078 1327 5129 illo
1340 5078 1450 5142 l‚sc,oui
1460 5081 1484 5131 iu
1496 5080 1539 5131 lib.
1552 5081 1583 5131 ἒ
1591 5081 1625 5133 de
1635 5084 1735 5137 ctrtsto

943 5151 984 5194 ber
994 5175 1002 5201 ,
1013 5155 1035 5191 c.
1047 5141 1078 5215 8,
1097 5140 1207 5192 laudatur
1224 5141 1353 5204 episeopus
1363 5141 1483 5250 (pecudem
1497 5141 1639 5195 «baslensis
1655 5145 1735 5199 beatas

947 5222 959 5252 ι
968 5216 1092 5254 mereorre
1098 5202 1266 5262 saturninum
1277 5214 1351 5265 quern
1358 5215 1374 5252 r
1381 5199 1472 5254 delicet
1482 5215 1520 5253 an.
1529 5202 1585 5266 388,
1593 5206 1736 5272 mrtbagiue

944 5263 1017 5317 simm
1027 5279 1082 5316 cum
1094 5263 1189 5315 Aurelio
1202 5265 1261 5314 sidit
1272 5264 1425 5327 Augustinus.
1768 5268 1771 5275 “

945 5326 1012 5439 ¹(ign)
1021 5325 1142 5439 &⁸3³
1152 5339 1159 5376 :
1171 5331 1319 5392 querutum
1328 5324 1360 5374 23
1370 5331 1438 5387 erat,
1448 5337 1513 5377 nuuc
1522 5325 1561 5377 98.
1573 5328 1664 5392 scripta
1673 5329 1736 5387 cirea

976 5450 1012 5513 (c)
1022 5455 1048 5500 tu
1061 5403 1158 5519 (gersus.
1176 5454 1218 5498 tls.
1239 5455 1265 5500 et
1278 5445 1332 5499 diis
1345 5447 1362 5499 e
1375 5447 1505 5511 sublim,
1522 5446 1700 5512 umtmnmc
1710 5451 1736 5505 in

944 5512 1252 5570 aerumnosissimum
1262 5510 1402 5559 trasimirus
1411 5510 1479 5561 siniti
1489 5524 1514 5561 m
1524 5512 1670 5574 nippoueusr
1681 5513 1736 5565 rici·

945 5575 985 5623 eia
997 5574 1085 5635 episcop
1094 5583 1124 5620 us
1138 5578 1196 5620 tuuc
1206 5569 1340 5630 donatista,
1351 5569 1479 5632 amplexus
1495 5579 1580 5636 postea
1597 5570 1737 5624 embolim

963 5647 1032 5687 mom
1044 5646 1076 5704 es
1085 5632 1157 5704 epist.
1170 5630 1224 5703 tib,
1235 5632 1261 5682 ln
1271 5631 1360 5705 emera
1369 5630 1430 5682 sede
1441 5634 1564 5706 remumit.
1576 5634 1630 5696 epm
1640 5633 1736 5684 bem·

1004 5701 1113 5745 meuumt
1125 5701 1270 5757 nupusnaus
1281 5706 1307 5745 ru
1317 5692 1359 5744 bb.
1373 5690 1403 5745 22
1412 5693 1444 5746 du
1453 5695 1552 5747 erduic
1564 5695 1615 5756 nei,
1626 5706 1649 5745 c.
1660 5691 1685 5744 0.

1272 4960 1348 5009 uubus
1359 4966 1377 5008 t.
1391 4958 1487 5010 duobus
1501 4976 1538 5012 rc.
1553 4970 1656 5026 quatuor
1672 4977 1695 5014 r.
1708 4971 1735 5018 ei
