3906 6390
145 264 202 323 aab

147 377 220 431 nisus
239 387 283 435 es,
308 371 334 424 in
355 375 473 423 extremo
490 361 666 434 inquisitionis
688 369 755 428 tuac,
770 375 802 415 ea
815 360 938 415 videlicet

149 463 297 521 intentione
308 475 358 531 qua
373 457 444 512 solos
458 454 629 511 netterneuter
643 467 738 507 carere
759 450 936 507 mendacium.

151 557 182 613 Si
193 553 357 616 constituam,
371 549 470 621 iniquis,
484 557 542 601 aute
556 556 579 601 te
591 545 737 615 paruulum,
752 553 775 598 et
789 544 939 615 iuterropem

148 655 234 700 utrum
245 657 304 697 euru
319 640 422 696 ιιιιιιιι
440 639 539 707 futurus
560 637 591 689 sit
610 644 709 701 castus,
723 633 762 688 oei
777 637 819 705 [ur
838 650 888 688 nou
907 634 939 688 sit

149 734 339 806 saturamine
356 731 432 785 dubio
451 728 631 800 respondebis:
649 726 750 782 Nescio.
771 725 803 780 Et
818 738 901 780 utrum
913 727 940 780 iu

149 827 236 881 eadem
256 821 361 894 paruula
378 831 451 876 aetate
472 819 637 884 rorastitutus,
659 819 747 890 eapitet
767 818 863 888 aliquid
883 819 940 872 boni

150 918 187 973 ιιι
202 916 261 970 sueti
270 930 280 979 ς
290 914 377 970 dices:
393 912 495 966 Nescio.
507 910 537 966 st
549 911 634 981 itaque
643 910 674 964 de
686 909 795 964 moribus
807 911 860 980 eius
872 912 942 981 tutu·

149 1010 186 1065 ris
207 1007 270 1062 rtittit
282 1005 360 1060 audes
372 1004 430 1058 certi
443 1003 602 1074 prominere,
620 1011 643 1056 et
660 1001 691 1056 de
709 1003 762 1072 ejus
774 1003 889 1071 prasenti
900 1000 945 1055 coi

148 1099 289 1173 pitatione,·
301 1096 361 1169 auid
373 1105 408 1149 est
423 1093 486 1149 iliud
495 1093 562 1163 quod
573 1094 673 1162 quando
687 1093 720 1146 ud
734 1091 891 1162 baptismum
903 1092 943 1161 os-

154 1194 278 1264 seruutar,
293 1204 338 1260 pro
352 1189 389 1242 ais
405 1196 518 1257 parentes
533 1194 649 1255 tantpuaut
663 1182 820 1253 fidedictores
836 1199 942 1253 respon·

153 1282 229 1347 dent,
244 1290 267 1334 et
284 1280 369 1334 tauns
383 1278 440 1332 illos
453 1282 535 1349 [acue
548 1276 615 1346 quod
631 1275 678 1330 tttr
697 1285 758 1330 atas
772 1276 881 1347 copitare
893 1293 943 1330 tros

155 1381 249 1443 potest,
262 1379 306 1426 out
319 1371 342 1426 si
358 1379 453 1440 potest,
468 1368 592 1423 oecultum
604 1368 660 1422 est?
672 1367 861 1438 lnterropamus
877 1369 944 1422 euim

154 1478 196 1527 ees
209 1478 224 1514 a
236 1461 326 1533 quibus
342 1459 490 1528 offeruntur,
513 1469 535 1514 et
557 1458 663 1513 dicimus
680 1474 689 1513 :
708 1457 792 1513 Credit
805 1459 832 1514 in
847 1458 945 1514 Deum?

154 1552 196 1607 lie
208 1551 253 1604 iila
268 1559 357 1614 aetate,
368 1555 423 1616 nuta
433 1558 516 1603 utrum
528 1549 560 1603 sit
572 1548 639 1602 ιιιιιι
648 1549 763 1620 ipuoeat,
777 1550 944 1620 respondem:

155 1641 256 1705 Credin
269 1650 292 1694 et
309 1642 343 1694 ad
359 1649 449 1695 ιιιιιιιι
461 1641 497 1694 sie
510 1639 673 1711 respondetur
684 1639 784 1712 sinpuba
801 1656 857 1710 aute
873 1656 944 1710 qttoe-

151 1741 254 1786 runtur.
271 1729 345 1786 Uttde
364 1731 441 1784 ntiror
453 1740 568 1800 parentes
580 1730 606 1784 in
620 1730 674 1784 istis
692 1730 765 1784 rebus
777 1739 829 1784 tunt
840 1731 946 1798 fidenter

156 1840 203 1894 pro
215 1823 319 1892 paruulo
329 1821 493 1891 respottdere,
508 1829 534 1875 ut
544 1820 628 1875 dicant
643 1837 698 1875 arm
708 1829 778 1874 tanta
788 1820 853 1874 bonu
864 1824 947 1891 [acere

156 1930 213 1984 sue
223 1914 257 1967 ad
269 1914 357 1966 btornrn
369 1929 418 1982 qua
432 1913 582 1983 baptizatur,
594 1913 735 1982 baptisatur
743 1912 894 1983 interropta,
906 1921 946 1966 ta·

157 2021 213 2059 ntro
226 2005 313 2058 audent
332 2005 394 2058 bora
405 2007 429 2057 si
440 2003 589 2074 subjiciam,
604 2003 661 2057 ura
678 2015 762 2057 custus
779 2004 820 2074 qui
835 2004 952 2076 baptiau-'

157 2105 207 2159 tur,
223 2104 266 2149 eut
277 2111 326 2149 iton
341 2096 387 2148 orit
397 2094 460 2164 tur?
475 2094 556 2148 ιιιιιιο
569 2103 654 2147 utrum
664 2092 738 2148 audet
752 2094 834 2148 dicere
847 2093 952 2164 aliquis,

156 2184 260 2255 Aliquid
275 2185 364 2238 borum
378 2185 440 2248 erit,
456 2192 500 2237 aut
514 2199 564 2237 non
581 2182 641 2249 erit,
655 2183 719 2238 siertt
733 2184 794 2237 mibi
807 2184 861 2239 sine
874 2184 948 2238 dubi·

148 2279 251 2331 ·tationc
260 2276 392 2348 respondet
404 2275 472 2346 qaod
486 2274 572 2330 eredat
583 2276 610 2329 in
624 2273 720 2339 deum,
732 2285 755 2330 et
769 2277 836 2346 quod
849 2293 875 2331 se
887 2292 948 2330 ean·

157 2375 236 2422 ιιιιιι
247 2367 280 2419 aet
292 2366 382 2420 Deusta.
396 2365 495 2420 lioinde
509 2365 605 2437 scripta
614 2373 661 2420 tua
674 2365 843 2430 concludens,
857 2366 950 2436 adjun-

158 2459 199 2527 gis
211 2467 237 2512 ct
251 2457 317 2511 dicis
332 2475 339 2512 :
354 2456 393 2509 dd
411 2456 472 2510 istos
491 2473 550 2527 erpo
562 2446 711 2525 quantenus
723 2465 779 2525 peto
794 2458 897 2512 breuiter
908 2474 950 2512 re·

160 2547 283 2617 spondere
306 2547 433 2618 dipneris,
456 2547 492 2600 ita
519 2554 617 2599 utnon
640 2547 701 2599 mibi
722 2547 753 2601 de
775 2547 952 2602 consuetudine

159 2636 308 2709 proscribas
321 2679 328 2702 ,
340 2635 384 2690 sed
396 2636 517 2690 rationem
531 2635 632 2690 reddas.

196 2726 224 2782 8.
249 2724 296 2781 llis
318 2725 413 2781 littoris
432 2727 484 2780 tuis
507 2725 582 2781 lectis
603 2736 630 2781 et
650 2727 770 2788 relectis.
786 2737 813 2783 et
826 2737 950 2804 qttapttuu

158 2816 288 2885 temporis
306 2816 434 2886 angustiae
454 2815 576 2871 sinebam
596 2816 784 2883 consideratis,
799 2819 953 2875 recordatus

160 2922 221 2962 som
234 2906 387 2962 Nebridium
400 2908 514 2962 amicum
529 2923 633 2975 meum,
650 2909 766 2980 quicum
780 2920 849 2966 essct
864 2927 952 2967 rerum

162 2998 335 3054 obscurarum
350 2996 382 3052 ad
396 2996 543 3052 doctrinam
561 2998 669 3068 pietatis
688 3000 802 3054 utasintc
816 3001 952 3070 pertiuen-

161 3089 227 3145 tlum
250 3087 468 3159 diligentissimus
489 3098 516 3144 et
539 3089 683 3144 acerrimus
705 3090 853 3161 inquisitor,
876 3091 953 3148 valde

162 3179 255 3236 oderat
275 3180 309 3236 de
329 3181 475 3251 qumanana
496 3195 588 3252 magna
611 3183 810 3252 responsionem
834 3184 951 3240 breuem.

162 3270 199 3328 ιιι
212 3273 329 3344 uuisqnis
342 3272 392 3328 boc
406 3273 578 3343 poposcisset,
594 3274 730 3343 ngemime
751 3273 866 3340 terebat,
879 3290 954 3331 enm-

162 3378 231 3434 quc,
254 3363 276 3418 si
294 3363 352 3432 ojus
365 3378 476 3434 persona
491 3370 634 3433 pateretur,
648 3364 720 3419 rultu
742 3365 953 3437 indignabundus

161 3463 191 3511 et
203 3469 268 3510 roca
281 3453 435 3522 cohibebat,
449 3452 584 3524 indignum
597 3454 728 3525 dopmnus
741 3456 786 3527 ιιι
806 3456 865 3511 talia
879 3473 953 3527 quta-

153 3554 249 3610 .ret·ct,
266 3560 326 3600 cum
339 3544 373 3600 de
386 3559 415 3600 re
430 3551 500 3599 tanta
516 3559 594 3613 quam
610 3545 692 3600 mutto
705 3544 756 3600 dici
779 3555 886 3615 possem
906 3546 953 3602 de-

157 3635 309 3704 berentque
321 3636 445 3690 nesciret.
461 3633 514 3689 Sed
528 3648 578 3704 ego
592 3634 638 3690 tibi
654 3650 706 3689 non
720 3637 852 3702 similiter,
869 3645 897 3692 ιιι
910 3651 954 3691 so-

163 3722 235 3777 lebat
250 3723 313 3787 ille,
327 3737 472 3778 succenseo
488 3740 495 3775 :
513 3737 543 3777 cs
556 3723 626 3778 enim
644 3725 784 3795 episeopus
799 3727 888 3782 multis
904 3743 953 3783 ett-

162 3812 201 3868 ris
221 3823 384 3883 occupatus,
404 3823 434 3866 nt
456 3827 524 3882 ego;
550 3812 619 3868 narde
640 3828 688 3868 acc
711 3815 757 3869 ιιιιι
781 3815 856 3870 tacite
878 3827 954 3872 secat

163 3903 295 3974 prolixum
309 3903 406 3972 aliquid
426 3903 528 3972 tegere,
543 3917 592 3957 nee
605 3902 670 3956 ιιιιΙιι
685 3903 812 3960 scribere.
825 3904 891 3960 Nam
910 3907 954 3962 ille

164 4002 228 4049 tuno
241 3992 413 4056 adolescens,
428 3993 471 4061 quai
484 3991 544 4045 talia
560 3991 677 4047 breuiter
688 3993 793 4047 nolebat
803 3993 911 4061 audire,
927 4004 954 4051 et

164 4086 198 4142 de
218 4084 308 4141 multis
336 4085 481 4139 innostra
502 4083 722 4140 sermocinatione
743 4085 895 4155 querebat,
919 4086 953 4142 ab

163 4177 250 4233 otioso
263 4176 398 4248 qtraerebat
415 4175 531 4230 otiosus:
548 4182 575 4229 tu
589 4189 652 4230 acro
667 4175 785 4245 cogitans
805 4190 875 4232 nune
893 4177 953 4247 quis

164 4279 217 4326 eta
231 4285 283 4340 qtto
297 4270 346 4324 ista
365 4268 483 4340 flagites,
498 4267 614 4323 breuiter
623 4267 656 4323 de
667 4283 695 4323 rc
706 4277 776 4323 tanta
792 4269 953 4339 respondere

164 4376 208 4416 me
218 4361 304 4431 jubes.
318 4362 384 4415 Ecce
398 4361 465 4414 tacio
479 4368 607 4430 quantum
622 4374 746 4430 possum;
767 4361 892 4417 {lominus
904 4362 952 4417 ad·

164 4450 237 4523 latret
245 4459 273 4506 ut
283 4450 352 4522 quod
366 4450 487 4522 postulas
497 4450 606 4520 possim.

200 4561 227 4618 b.
248 4561 348 4632 Nempe
367 4577 438 4632 sape
459 4561 494 4617 ita
516 4562 657 4634 loquimur,
678 4574 706 4621 ut
725 4565 824 4621 Pascua
843 4568 952 4638 propin-

152 4644 263 4729 'qnaute
281 4654 400 4711 dicamus
421 4654 563 4711 crastinam
582 4655 625 4711 uel
652 4656 822 4726 perendinam
850 4658 953 4714 Domini

164 4746 333 4819 passionem,
347 4760 408 4801 cum
430 4745 474 4801 itte
492 4757 554 4802 ante
573 4755 626 4801 tara
648 4746 746 4803 multos
764 4762 849 4806 annos
861 4766 954 4821 passus

164 4839 217 4909 sit,
228 4853 278 4896 nee
289 4839 397 4895 omnino
410 4838 460 4894 nisi
470 4838 554 4896 semd
564 4837 608 4894 ilta
619 4840 707 4910 passio
716 4839 784 4897 tacta
797 4843 841 4898 sit.
853 4842 954 4916 Nempe

163 4929 225 5002 ipso
239 4929 283 4986 die
301 4927 586 4998 dominicodicimos,
608 4930 692 4987 llodie
714 4933 841 4989 Domitios
862 4950 953 4992 resur-

164 5021 252 5085 rexit:
263 5036 324 5078 cum
338 5035 371 5078 cx
386 5036 438 5092 quo
447 5021 591 5077 resurrexit
603 5030 642 5078 tot
652 5022 713 5078 anni
727 5024 887 5081 tratuierint.
901 5025 955 5083 Cur

162 5125 247 5168 nemo
259 5119 312 5167 tam
328 5112 432 5181 ineptus
452 5119 510 5175 est,
530 5119 560 5166 ot
578 5125 628 5168 nos
648 5113 684 5168 ita
705 5113 843 5186 loquentes
862 5126 956 5188 arguat

166 5216 227 5260 esse
238 5203 380 5270 mentitos,
393 5203 443 5258 nisi
455 5202 516 5273 quia
530 5202 596 5259 istos
607 5203 665 5260 dies
675 5206 820 5261 seeundum
831 5207 953 5278 illoram,

164 5277 262 5360 artibus
276 5291 334 5349 uae
347 5300 421 5362 gesta
442 5300 518 5356 sunt,
536 5291 737 5349 similitudinem
754 5310 953 5367 nuncupamus,

166 5390 197 5436 nt
208 5381 312 5437 dicatur
324 5382 382 5452 ipse
392 5381 448 5438 dies
461 5381 507 5452 qui
519 5397 572 5438 nou
589 5390 631 5439 est
644 5382 717 5452 ipse,
730 5383 778 5439 sed
790 5386 955 5443 revolutione

168 5469 298 5541 temporis
314 5470 407 5526 similis
424 5471 497 5542 ejus,
512 5478 541 5528 et
559 5471 663 5528 dicatur
679 5472 725 5530 illo
742 5472 786 5530 die
804 5473 879 5542 tert,
894 5492 956 5547 pro-

167 5568 227 5631 pter
250 5559 410 5615 sacramenti
431 5560 654 5631 celebrationem,
669 5562 738 5634 quod
761 5578 814 5619 nou
828 5564 879 5621 illu
896 5566 954 5636 die,

166 5650 214 5708 sed
228 5648 280 5720 iam
292 5649 357 5705 olim
373 5649 470 5706 tactum
483 5651 541 5708 cst?
552 5651 645 5710 Nonne
660 5654 741 5711 seutel
756 5655 905 5713 immolatus
915 5668 956 5715 est

757 240 791 304 'S.
813 244 996 303 recusatur
1016 242 1165 303 sttscott

1732 234 1795 300 me

992 356 1112 414 Gtuistus
1125 359 1151 412 iu
1165 358 1267 428 seipso,
1281 366 1308 414 et
1322 359 1409 414 tamen
1431 359 1458 413 in
1479 365 1646 415 sacramento
1660 371 1718 414 oon
1739 371 1788 413 so·

992 447 1046 503 lum
1062 463 1109 518 por
1121 463 1213 504 omues
1228 447 1336 503 Pasctne
1354 449 1553 514 solemnitates,
1572 448 1621 504 sed
1641 447 1718 503 omni
1740 445 1788 502 die

992 538 1096 609 populis
1110 538 1273 606 immolatur,
1286 554 1336 595 uec
1350 540 1440 611 ntique
1455 541 1580 597 mentitur
1598 541 1644 611 qui
1669 541 1789 596 iuterro-

991 638 1068 699 gatos
1081 644 1140 685 eum
1154 630 1320 699 responderit
1331 631 1481 686 imntelaril
1494 630 1521 688 Si
1532 631 1603 687 enirn
1616 641 1787 687 sacramenta

992 722 1132 793 qnamdam
1145 721 1342 778 similitudinem
1355 737 1446 778 earum
1466 737 1555 778 rernm
1569 736 1684 793 quarum
1697 736 1789 778 saera-

993 825 1080 870 menta
1094 825 1171 880 suist,
1187 830 1239 870 nan
1258 816 1405 881 habereut,
1425 817 1535 874 omniuo
1547 827 1716 872 sacramenta
1731 832 1786 873 nou

994 914 1092 961 essent.
1108 906 1145 961 Er
1160 907 1209 963 bae
1222 916 1308 963 autem
1323 907 1496 964 similitudine
1510 909 1665 980 plemmque
1680 908 1764 966 etiam
1777 911 1788 942 ¹

995 998 1111 1068 ipsarum
1132 1013 1220 1053 rerum
1242 999 1348 1053 nomina
1361 999 1502 1070 accipiunt.
1518 998 1591 1056 Sicut
1610 1015 1677 1071 ergo
1692 1014 1788 1056 secun·

995 1086 1057 1142 dnm
1072 1087 1212 1158 quomdam
1227 1088 1333 1143 modum
1346 1099 1541 1145 sacramentum
1555 1090 1676 1160 ιιιηιοιιι
1687 1090 1788 1148 Christi

994 1178 1459 1249 eorpusCluistiest,sacramentum
1470 1183 1788 1254 sauguiniscltristisan·

995 1268 1212 1340 puisCltristiest,
1220 1271 1254 1326 ita
1263 1273 1524 1329 sacramentumtidei
1536 1273 1601 1330 tides
1609 1274 1790 1332 audibilem

995 1360 1788 1435 antenattnderodere,quamutetnttabere.teperttoeenm

996 1449 1171 1520 respondetur
1186 1451 1310 1522 paruulos
1326 1452 1451 1520 credero,
1463 1455 1508 1525 qui
1526 1453 1585 1510 tadei
1600 1455 1721 1511 noudum
1740 1455 1789 1510 lta-

996 1540 1041 1596 bct
1052 1541 1190 1608 affectum,
1204 1544 1379 1614 respondetur
1392 1546 1470 1600 ildeut
1490 1546 1588 1603 babere
1602 1560 1713 1619 propter
1727 1549 1791 1604 lltlei

997 1644 1209 1703 sacramentnm,
1223 1645 1251 1691 et
1263 1645 1418 1693 conuertere
1428 1652 1457 1693 se
1466 1639 1499 1693 ad
1511 1639 1592 1694 ιιιιιιιι
1603 1648 1714 1710 propter
1726 1655 1792 1695 ron·

998 1727 1126 1782 versionis
1140 1738 1350 1798 sacramentum,
1364 1731 1423 1801 qtria
1435 1740 1461 1787 et
1476 1732 1530 1801 ipsa
1543 1734 1681 1803 responsio
1694 1733 1729 1788 od
1740 1749 1791 1789 ce·

998 1814 1170 1873 lebrationem
1189 1819 1303 1889 pertinet
1320 1822 1490 1877 sacramenti.
1513 1823 1586 1878 Sicut
1606 1822 1640 1879 de
1660 1824 1721 1896 ipso
1739 1824 1792 1878 lia-

999 1906 1096 1976 ptismo
1106 1908 1257 1977 Apostolus,
1267 1909 1421 1980 Consepulti,
1431 1911 1524 1981 iniquit,
1536 1929 1622 1968 santus
1635 1912 1737 1968 Cbristo
1748 1931 1794 1980 per

999 1994 1793 2074 baptisatuminrnortenr(Noniani),Nouait,sepulturam

1001 2084 1226 2155 signitlmtimus5
1241 2089 1288 2144 sed
1302 2105 1409 2159 prorsus
1422 2091 1469 2160 ait,
1479 2090 1623 2164 Consepulti
1635 2111 1734 2149 sunaus.
1744 2094 1792 2150 Sa-

1000 2186 1166 2233 cramentum
1183 2195 1248 2251 ergo
1262 2192 1342 2237 tantae
1359 2183 1396 2239 rei
1411 2184 1516 2240 nonnisi
1537 2185 1656 2256 ejttsdem
1678 2188 1720 2243 rei
1747 2203 1794 2243 uo-

1000 2265 1272 2341 cabulonuncuparit.

1036 2357 1080 2413 tu.
1096 2357 1187 2430 ltaque
1202 2363 1357 2431 portarium,
1372 2365 1422 2419 etsi
1442 2364 1560 2421 nondum
1583 2365 1649 2424 tides
1668 2366 1711 2422 illu
1733 2383 1795 2439 quae

1002 2445 1028 2501 iu
1041 2447 1205 2505 credentium
1219 2452 1354 2508 uoluntate
1370 2455 1508 2522 cottsistit,
1527 2456 1582 2526 jam
1605 2464 1693 2514 tamen
1709 2459 1795 2530 ipsine

1003 2537 1064 2593 tldei
1084 2549 1277 2596 sacramentum
1300 2543 1404 2599 fidolum
1429 2543 1501 2600 tacit.
1519 2530 1585 2602 Nam
1600 2547 1669 2603 sieut
1681 2550 1795 2607 credero

1006 2630 1190 2698 respondetur,
1205 2633 1240 2688 ita
1254 2633 1334 2689 etiam
1350 2635 1434 2691 tidelis
1447 2647 1566 2703 vocatur,
1580 2653 1633 2695 non
1656 2656 1714 2696 rcut
1737 2642 1795 2713 ipsa

1004 2726 1092 2776 mente
1104 2724 1258 2791 annuendo,
1271 2725 1317 2781 sed
1331 2727 1413 2796 ipsius
1432 2728 1471 2784 rei
1490 2739 1686 2787 sacramentum
1706 2724 1796 2804 pct'ci·

1003 2810 1110 2879 piendo.
1124 2811 1191 2868 Cum
1205 2823 1292 2870 antem
1306 2816 1386 2872 boitro
1398 2832 1492 2888 sapere
1510 2822 1638 2890 caperit,
1652 2836 1708 2878 aoa
1728 2824 1794 2879 illud

1004 2913 1196 2959 sacramentnm
1212 2917 1326 2976 repetet,
1340 2909 1388 2964 sed
1401 2909 1545 2982 intelliget,
1567 2912 1677 2984 ejusque
1688 2916 1795 2974 ιιιιιιιιι

1004 3007 1120 3049 consona
1142 2998 1221 3053 etiam
1243 3000 1377 3057 rolttntate
1398 3003 1573 3073 coaptabitur.
1597 3005 1651 3062 ltoe
1675 3008 1795 3077 quandiu

1005 3097 1057 3139 uon
1071 3095 1173 3154 potest,
1188 3089 1285 3144 valebit
1296 3102 1489 3149 sacramentum
1503 3093 1538 3151 ad
1554 3096 1612 3167 ejus
1625 3097 1734 3153 tutelam
1746 3099 1795 3155 ad·

1004 3188 1097 3232 sersus
1115 3179 1259 3234 contrarias
1274 3189 1436 3251 potestates;
1457 3195 1484 3241 et
1504 3192 1605 3243 tatttum
1617 3189 1715 3246 valebit
1730 3202 1760 3247 ut
1772 3193 1795 3247 si

1004 3276 1066 3322 ante
1088 3269 1198 3325 rationis
1219 3286 1294 3327 usum
1313 3275 1323 3305 ¹
1343 3289 1376 3329 ex
1395 3275 1444 3331 bac
1463 3277 1516 3333 nita
1537 3278 1721 3351 enrigrauerit,
1747 3297 1796 3352 per

1004 3355 1090 3428 lpsmn
1103 3371 1297 3418 monumentum
1305 3366 1507 3423 commendante
1515 3368 1641 3424 Ecclesiae
1652 3370 1794 3438 claritate,

1003 3449 1038 3505 sb
1050 3450 1094 3506 illa
1105 3453 1334 3524 condemnatione,
1346 3474 1405 3529 quae
1417 3477 1464 3530 per
1474 3477 1554 3517 naum
1569 3464 1701 3520 bominem
1711 3465 1796 3521 intra-

1004 3539 1042 3596 tit
1053 3540 1080 3597 itt
1090 3544 1216 3601 mundum
1230 3544 1285 3616 (ld.
1295 3563 1320 3614 v,
1333 3549 1389 3620 ιι),
1400 3551 1544 3608 oltristiano
1554 3553 1685 3625 adiutorio
1697 3555 1797 3614 libers·

1004 3638 1056 3687 tur.
1071 3632 1177 3707 llocqni
1188 3651 1240 3692 nou
1250 3637 1344 3706 credit,
1360 3648 1387 3694 et
1402 3640 1459 3696 lieri
1473 3656 1525 3698 non
1538 3659 1617 3714 posse
1637 3648 1794 3719 arbitratur,

1005 3724 1122 3793 protecto
1136 3727 1250 3785 inbdelis
1262 3739 1320 3795 est,
1332 3732 1381 3788 etsi
1395 3732 1490 3790 lrabeat
1502 3736 1562 3792 bdoi
1579 3750 1794 3810 montaneorum:

1005 3815 1134 3887 longeque
1148 3819 1293 3876 meliorest
1305 3821 1373 3877 iilo¹
1387 3826 1525 3894 parvulus,
1540 3830 1583 3898 qui
1599 3832 1701 3888 etiamsi
1712 3833 1794 3891 idem

1005 3904 1121 3963 noudum
1137 3909 1231 3966 lrabeat
1249 3911 1276 3967 iu
1291 3914 1465 3985 cogiutione,
1480 3933 1533 3973 uon
1548 3921 1571 3976 ei
1587 3928 1674 3979 tamen
1688 3925 1794 3981 obicem

1004 4000 1143 4054 contrariu
1164 4002 1330 4072 rogitationis
1357 4008 1481 4077 opponit,
1507 4011 1577 4067 nardo
1597 4025 1795 4071 sacramentum

1004 4089 1063 4161 ejus
1081 4091 1221 4149 salubriter
1243 4096 1364 4166 percipit.
1390 4099 1541 4170 Respondi,
1563 4105 1632 4161 sicut
1649 4107 1793 4173 existituo,

1004 4184 1194 4253 quaestionibus
1208 4188 1277 4256 tuis,
1292 4200 1418 4261 quantum
1433 4197 1526 4252 attinet
1538 4198 1572 4252 ad
1584 4200 1671 4256 aristus
1680 4217 1796 4272 mpacos

1004 4281 1031 4328 et
1042 4274 1076 4328 ad
1089 4279 1285 4346 contentiosos,
1303 4297 1353 4337 non
1368 4285 1446 4351 satis;
1461 4298 1587 4357 quatitutn
1599 4300 1689 4348 autent
1703 4293 1736 4348 ad
1752 4309 1796 4364 pa·

1004 4377 1078 4422 catos
1095 4375 1124 4423 et
1137 4368 1330 4442 intelligentes,
1348 4375 1407 4444 plus
1428 4377 1495 4433 torte
1513 4395 1591 4450 quam
1610 4392 1651 4437 sat
1668 4392 1719 4440 est.
1738 4383 1794 4442 Nec

1005 4457 1050 4513 tibi
1062 4459 1095 4514 ad
1109 4464 1304 4520 excusationem
1328 4481 1413 4522 uncam
1432 4469 1516 4540 objeci
1536 4473 1712 4531 tirmtssimam
1726 4491 1795 4534 eoo-

1004 4550 1190 4620 suetudiaem,
1213 4555 1260 4610 scd
1273 4557 1454 4617 saluberrima
1474 4566 1672 4622 consuetudinis
1689 4571 1793 4629 nudat

1003 4656 1081 4712 quarn
1095 4646 1166 4714 potui
1181 4647 1320 4704 rationem.

1223 4737 1385 4798 uetstott
1406 4744 1487 4801 llclx
1500 4751 1510 4771 ·
1521 4747 1570 4821 (a).

1007 4821 1048 4880 Ea
1068 4822 1242 4884 Romanorum
1260 4831 1403 4888 obtunsitate
1420 4847 1561 4909 susceptum
1580 4858 1663 4897 attrnto
1680 4845 1799 4906 dotorem

1183 4920 1616 4998 comerriserutioaeruquesipuificat.

1005 5004 1219 5077 Religiosissimae
1231 5018 1310 5081 atque
1332 5012 1359 5068 in
1372 5013 1470 5072 curisti
1483 5021 1609 5078 membris
1623 5025 1718 5082 merito
1733 5043 1786 5085 sau

1043 5107 1137 5169 cteqae
1151 5099 1275 5157 laudabili
1285 5101 1390 5161 tumulae
1405 5104 1452 5164 bei
1470 5106 1597 5184 lasttcn,
1611 5114 1793 5191 tluuusrtsus,

1041 5191 1068 5244 iu
1084 5191 1196 5249 liotniuo
1210 5194 1332 5251 salutem.

1037 5300 1276 5368 flammantius.

1037 5363 1744 5498 :ld‘d'biiNaissiitsb‘iilii'lm‘l‘*

1038 5485 1076 5534 ‘tt
1139 5489 1188 5539 aita
1205 5489 1234 5538 ad
1251 5504 1275 5541 a.
1296 5493 1320 5541 ιι.
1333 5494 1374 5558 bg.
1388 5496 1420 5545 bl.
1433 5499 1474 5548 lut.
1487 5512 1509 5549 c.
1528 5494 1564 5555 ec⁴
1576 5502 1603 5557 ιι.
1614 5519 1640 5566 ιι.
1653 5521 1684 5556 ιι·
1708 5513 1722 5557 t.
1737 5526 1761 5560 n.
1775 5526 1788 5562 r

1006 5558 1028 5598 s.
1039 5553 1059 5598 t.
1070 5559 1108 5599 ue.
1188 5550 1226 5600 sb.
1238 5560 1349 5617 quatuor.
1361 5569 1386 5607 r.
1398 5557 1460 5610 etad
1470 5567 1520 5612 tat.
1532 5569 1586 5617 aaa.
1599 5574 1636 5619 tu.
1647 5574 1703 5621 tor.

1039 5610 1075 5669 (a)
1088 5609 1149 5660 elias
1161 5611 1206 5661 leb
1216 5625 1222 5661 :
1234 5626 1289 5686 quae
1300 5624 1381 5667 autern
1392 5619 1424 5668 99
1435 5631 1495 5683 ιιι,
1509 5637 1572 5677 ιιιιιιι
1583 5628 1637 5680 tut.
1649 5634 1740 5698 scripta
1770 5649 1800 5685 a·

1010 5676 1085 5722 eunte
1096 5683 1135 5720 aa.
1148 5671 1203 5735 bbb,
1211 5682 1253 5725 aut
1264 5690 1295 5723 ιι.
1304 5686 1364 5730 unte
1375 5679 1429 5732 tou.
