3906 6390
158 431 223 470 anm
246 419 292 469 avt
313 409 476 481 inaequaliter
498 403 650 467 cattdidum,
675 400 734 456 lieri
757 406 888 468 potestat
913 398 940 452 in

159 506 261 560 minore
275 511 348 572 parte
360 502 395 555 sit
412 498 511 554 sanitas
524 494 610 565 major
631 500 677 546 aut
694 490 804 554 candor,
816 502 877 543 oum
890 489 941 543 ml·

158 609 224 650 avora
236 607 314 663 quara
328 591 427 660 alajora
440 588 544 643 sanium
558 584 600 638 rel
613 579 766 638 candidiora
782 587 845 635 sunt
858 592 942 632 mem·

157 684 222 749 bra;
235 695 318 754 usqne
330 680 398 735 adeo
410 693 464 733 nmv
485 676 555 731 mole
566 679 670 728 onustat
680 669 750 740 qvod
763 669 789 724 in
810 667 942 738 qualitati·

157 773 207 827 bas
221 774 345 841 magnam
359 768 455 824 dieitur
474 777 534 820 esse
552 761 594 817 rel
609 773 728 831 parvum.
752 757 941 813 Verumtamen

156 859 277 916 simules
292 858 348 927 ipsa
368 853 499 924 carparis,
513 858 725 921 quantacumque
738 846 780 901 vel
800 842 941 915 quantala-

156 963 270 1021 euntque
281 948 325 1012 sit,
337 945 443 1019 pertitus
452 941 597 1005 auferatur,
609 938 749 1010 qualitates
757 936 815 1006 ejas
828 949 880 990 noa
891 934 941 989 erit

157 1041 201 1096 ubi
215 1041 280 1103 sint,
294 1036 414 1108 quamvis
432 1050 486 1089 non
502 1032 573 1087 mole
592 1028 731 1085 metienda
749 1027 810 1081 sint.
823 1027 858 1081 tt
877 1039 941 1080 vero

157 1107 228 1186 lleas
242 1143 306 1193 non,
328 1126 351 1181 si
365 1125 453 1179 minna
473 1122 575 1190 eapitur
587 1119 620 1174 ab
635 1118 679 1173 illo
692 1117 734 1172 eui
749 1128 867 1186 praesens
877 1123 919 1169 est
930 1153 952 1180 „

157 1221 218 1276 idco
229 1221 285 1288 ipse
299 1217 385 1271 minor
402 1222 454 1269 cst.
468 1212 550 1268 Totus
561 1210 631 1264 enim
648 1209 675 1263 iu
688 1208 776 1276 seipso
788 1214 839 1272 est,
852 1219 902 1259 neo
913 1203 946 1258 isr

157 1311 254 1379 quibus
265 1315 316 1372 est,
331 1306 367 1359 ita
376 1312 417 1359 est
427 1313 456 1358 ut
467 1302 583 1371 indigeat
595 1300 643 1363 eis,
655 1304 779 1366 tanquam
792 1309 845 1348 nain
858 1292 941 1362 possit

157 1414 217 1454 esso
231 1396 281 1451 nisi
295 1397 322 1450 in
335 1396 384 1451 eis.
398 1394 474 1450 Sicut
485 1400 572 1446 autem
585 1378 635 1444 nec
647 1388 680 1442 ab
692 1387 737 1441 illo
750 1385 834 1447 abest,
849 1383 876 1437 in
889 1395 941 1452 qim

158 1504 210 1543 ivon
225 1487 333 1550 habitat,
346 1493 373 1540 et
385 1492 455 1539 totus
467 1481 551 1544 adest,
566 1477 685 1549 quamvis
698 1490 758 1530 euna
771 1474 815 1528 ille
830 1488 882 1527 non
895 1470 941 1526 ba·

157 1581 238 1644 beat;
254 1580 289 1632 ita
308 1586 336 1631 et
357 1576 393 1630 illi
414 1575 508 1644 inquo
531 1570 640 1635 babitat,
656 1574 727 1622 totus
740 1573 781 1620 est
800 1574 939 1634 presens,

157 1669 277 1739 quamvis
288 1680 348 1722 eam
363 1677 416 1719 non
427 1678 460 1719 ex
475 1670 531 1717 toto
542 1660 638 1730 capiat.

192 1756 237 1812 lb.
260 1754 350 1824 Neque
366 1755 437 1810 enim
452 1751 484 1805 ad
499 1748 667 1806 habitandum
684 1744 777 1801 dividit
789 1759 819 1798 se
831 1758 879 1815 per
892 1741 940 1796 lto-

158 1846 257 1909 atinum
278 1844 358 1900 corda
379 1857 426 1899 seu
448 1854 576 1910 corpora,
599 1837 677 1891 aliam
697 1834 739 1889 sui
760 1841 861 1903 partem
880 1830 941 1886 buic

157 1937 286 2013 adsumis,
309 1935 345 1989 illi
360 1935 448 1998 aliam,
468 1932 537 1986 sicut
556 1931 600 1984 lau
615 1929 665 1982 ista
685 1941 734 1997 per
746 1925 832 1979 aditus
851 1932 879 1979 et
893 1938 940 1992 per

156 2028 285 2086 fenestras
296 2026 436 2080 domorum
453 2039 460 2076 z
475 2021 522 2076 sed
535 2019 632 2089 potius,
646 2017 669 2072 si
678 2015 821 2086 quemlibet
832 2027 937 2077 sonum,

156 2115 217 2172 eum
230 2128 355 2184 corporea
366 2127 409 2168 res
422 2112 456 2165 sit
468 2125 501 2166 ae
514 2107 673 2173 transitoria,
686 2104 781 2160 surdns
792 2118 844 2158 non
857 2102 938 2171 capit,

105 2183 111 2191 ’
157 2206 292 2262 surdaster
306 2219 359 2259 non
381 2210 464 2256 tatum
485 2200 565 2270 capit,
584 2206 662 2266 atque
676 2196 702 2250 ia
716 2194 759 2250 lus
773 2194 817 2264 qui
831 2192 940 2248 audiunt

156 2313 216 2353 eran
239 2298 337 2367 pariter
356 2295 381 2350 ei
402 2293 587 2363 propinquant,
612 2297 683 2345 tanto
703 2286 786 2357 magis
807 2284 874 2340 alins
887 2284 939 2339 alio

156 2388 236 2457 capit,
250 2392 348 2458 quanto
359 2391 400 2440 est
408 2381 543 2446 acutioris,
555 2387 628 2434 tanto
637 2387 725 2433 autem
732 2377 829 2441 minus,
840 2383 939 2445 quanto

156 2487 198 2534 est
215 2474 356 2531 obtusioris
377 2473 489 2536 auditus,
504 2486 564 2526 oum
577 2469 622 2524 ille
637 2484 688 2524 non
703 2467 774 2523 varie
792 2466 874 2537 magis
887 2465 938 2519 mi-

156 2580 240 2621 nusve
255 2566 367 2629 insonet,
391 2561 438 2618 sed
459 2562 485 2615 in
508 2575 541 2615 ea
553 2559 611 2615 loeo
625 2559 650 2612 in
665 2573 716 2628 qno
730 2565 801 2620 sunt,
816 2555 940 2612 omatibus

156 2656 291 2726 aequaliter
302 2661 397 2724 presto
410 2653 460 2715 sit3
473 2660 570 2721 quanto
579 2650 751 2705 excellentius
764 2647 833 2703 [leus
844 2655 937 2702 natans

156 2745 311 2813 incorporea
323 2750 350 2796 et
362 2740 560 2795 immutabiliter
572 2739 640 2803 viva,
653 2741 697 2809 qui
712 2753 764 2792 non
777 2738 845 2792 sieut
857 2752 937 2792 sonus

158 2846 206 2902 per
217 2847 304 2886 moras
315 2840 462 2898 temporum
475 2827 543 2882 tendi
555 2835 582 2883 et
591 2827 671 2881 dividi
682 2834 779 2897 potest,
793 2841 842 2881 nee
852 2827 937 2896 spatio

85 2915 88 2920 ’
157 2920 229 2975 aerio
242 2928 364 2988 tanquam
378 2919 436 2972 loca
448 2931 498 2972 suo
508 2914 616 2984 indiget,
630 2914 674 2969 ubi
686 2913 858 2983 praesentibus
872 2929 938 2984 prm-

156 3023 199 3066 sto
210 3013 254 3078 sit,
268 3011 315 3065 sed
329 3018 426 3065 :eterna
441 3008 582 3063 stabilitate
596 3007 622 3060 in
636 3007 723 3076 seipso
735 3021 854 3072 manens,
869 3016 938 3062 totus

156 3101 249 3157 adesse
260 3101 338 3156 rebus
349 3100 471 3155 onrrribas
484 3105 581 3167 potest,
595 3104 622 3154 et
633 3097 742 3166 singulis
752 3105 832 3162 totus,
843 3112 936 3165 quam-

155 3195 196 3248 vis
208 3193 233 3247 in
249 3192 343 3262 quibus
358 3192 467 3254 inabitat,
483 3189 596 3244 babeant
608 3203 667 3244 eum
681 3202 729 3257 pro
741 3203 795 3242 suae
807 3179 937 3258 capacita-

157 3282 190 3337 tis
204 3282 366 3348 diversitate,
380 3280 425 3334 alii
437 3279 559 3348 amplius,
573 3278 617 3331 alii
627 3278 722 3340 ruritius,
739 3291 805 3346 quos
819 3278 875 3347 ipso
886 3278 937 3333 sibi

155 3372 355 3427 diectissimum
380 3369 505 3440 templum
526 3368 610 3439 gratia
632 3383 687 3424 suae
706 3367 831 3423 bonitatis
851 3368 936 3424 aedilv-

156 3465 232 3520 steatl

189 3555 234 3610 so.
254 3554 289 3610 Ει
308 3553 479 3610 donationum
492 3553 599 3625 quidem
619 3552 776 3609 dictasunt
795 3553 938 3610 divisiones

155 3653 278 3716 tanquam
291 3658 339 3714 per
350 3652 437 3713 partes
446 3651 473 3698 et
486 3642 605 3698 membra
618 3641 694 3698 untia
711 3643 839 3712 corqvoris,
856 3643 898 3698 ubi
911 3652 939 3698 ct

154 3736 233 3790 simul
245 3749 338 3790 onrnes
348 3748 428 3789 unum
441 3733 579 3802 templum,
590 3743 616 3788 et
623 3732 719 3802 singuli
730 3734 831 3804 singula
841 3734 937 3803 templa

154 3839 262 3890 smitam
278 3824 338 3894 qnia
352 3837 406 3878 non
420 3831 462 3878 est
479 3822 548 3878 Deus
562 3823 588 3876 in
602 3823 725 3877 onirvibus
747 3839 825 3893 quam
840 3825 866 3878 in
880 3825 936 3879 sin·

154 3915 221 3985 gulis
243 3913 327 3980 maior
341 3929 348 3965 :
362 3921 390 3967 et
409 3912 437 3966 tit
449 3912 604 3983 plerumque
626 3920 655 3967 at
667 3912 755 3982 plures
768 3929 829 3970 earn
851 3915 937 3971 minus

111 4034 116 4045 ,
153 4006 268 4076 capiant,
288 4023 357 4062 unm
369 4008 492 4078 amplius.
507 4008 558 4064 Sed
571 4023 632 4064 eum
653 4007 763 4064 dixisset
774 4010 935 4080 Apostolus,

51 4102 63 4112 ‘
154 4099 295 4154 divisiones
315 4109 398 4153 canna
410 4100 573 4155 donatianum
585 4108 661 4166 sant,·
673 4099 798 4155 continno
812 4100 940 4171 subjecit,

153 4188 227 4244 idem
238 4200 320 4245 antem
333 4189 445 4261 Spiritus
459 4205 469 4244 .·
481 4190 543 4246 item
558 4205 618 4245 eum
629 4190 700 4260 ipsas
711 4189 882 4247 donationum
892 4191 935 4247 di-

153 4282 267 4338 visiones
279 4290 528 4347 commemorassem
547 4281 638 4337 Omnia
651 4292 732 4337 antem
746 4283 809 4351 iaec,
831 4283 934 4355 inquit,

152 4381 347 4444 operaturamts
368 4382 441 4444 atque
461 4373 528 4428 idem
550 4374 673 4445 Spiritus,
695 4375 807 4431 dividens
832 4381 935 4449 propna

151 4462 284 4533 unicnique
296 4471 369 4531 prout
379 4463 430 4516 nvait
443 4461 469 4535 (l
478 4460 536 4518 Gor.
549 4479 596 4527 xa,
609 4465 637 4530 4,
652 4462 706 4535 ll).
725 4464 849 4521 Dividens
860 4483 934 4537 ergo,

152 4566 205 4607 non
227 4553 283 4622 ipse
303 4553 412 4619 divisus,
434 4554 494 4623 quia
517 4555 574 4624 ipse
589 4569 656 4610 unus
679 4565 758 4624 atque
778 4557 857 4612 idom.
884 4558 935 4615 illm

150 4660 215 4702 vero
227 4645 369 4702 divisiones
379 4647 455 4702 dictae
469 4655 540 4714 tuat,
560 4647 628 4703 sicut
641 4648 818 4703 ntetubrorurn
833 4652 859 4704 in
874 4665 935 4705 eor·

151 4751 234 4806 pore;
249 4737 309 4806 quia
325 4751 377 4791 non
397 4736 465 4792 idem
480 4737 568 4792 valent
583 4751 662 4794 aures
675 4737 746 4808 quod
760 4739 839 4806 oculi,
855 4749 935 4810 atqua

151 4828 185 4881 ita
202 4828 320 4882 vvrembra
334 4837 429 4882 catera
442 4826 654 4884 diversisolliciis
665 4828 833 4885 eorreortliter
844 4828 936 4885 distri-

151 4916 212 4970 buta
228 4931 308 4986 :qam
328 4925 414 4972 tamen
434 4931 495 4971 cam
509 4916 567 4974 sani
586 4931 691 4985 sumus,
711 4933 773 4983 verra,
793 4933 878 4989 neque
891 4918 933 4973 di·

150 5023 236 5073 vcrm,
249 5025 300 5066 nec
320 5010 381 5065 alibi
396 5011 505 5080 majore,
526 5011 588 5067 alibi
609 5012 722 5078 minore,
737 5013 784 5067 sed
799 5028 859 5067 cum
882 5014 935 5068 sint

152 5100 207 5170 ipsa
228 5101 352 5172 disparia,
375 5103 508 5158 donimani
529 5112 558 5158 et
571 5104 646 5173 parili
659 5105 743 5159 salute
757 5103 932 5175 congaudent.

103 5247 105 5250 ,
153 5193 235 5262 liujus
255 5195 375 5264 eorporis
398 5204 476 5264 eaput
496 5204 537 5250 est
557 5194 689 5263 Citristns,
715 5194 794 5265 bvvjus
815 5195 934 5267 corporis

152 5284 341 5340 anitasnostro
360 5286 489 5341 sacrificio
501 5286 799 5355 oarnmendaturzquod
820 5286 935 5341 breviter

152 5373 308 5442 significavit
320 5373 472 5444 Apostolus,
487 5375 590 5439 dicens,
607 5373 677 5430 Unius
689 5376 773 5445 panis,
786 5393 864 5430 anam
876 5392 934 5430 car-

152 5476 199 5529 pus
212 5461 284 5516 matti
306 5479 391 5517 maras
413 5463 439 5536 (l
452 5462 511 5520 Gor.
535 5480 563 5531 a,
580 5465 612 5520 tl
622 5466 641 5536 l.
657 5464 709 5534 l'cr
722 5475 799 5534 caput
815 5475 933 5521 nostrum

152 5550 354 5608 reconciliamur
365 5553 429 5619 Deo,
444 5554 504 5624 quia
519 5555 544 5610 in
559 5555 604 5610 illo
616 5563 656 5610 est
666 5554 789 5609 divinitas
804 5555 933 5626 Unigeniti

153 5637 221 5697 iacta
232 5642 362 5715 particeps
374 5645 540 5701 mortalitatis
556 5656 663 5714 nostrae,
678 5654 705 5701 at
724 5655 751 5702 et
762 5662 811 5703 nos
824 5647 933 5718 partici-

761 284 790 341 S.
810 278 990 341 AUGUS'ssNi
1009 281 1159 345 ssPlSCOPl

993 409 1042 464 pes
1055 397 1112 467 ejas
1123 398 1327 460 immortalitatis
1336 412 1466 459 mmet.

1028 486 1072 541 tl.
1092 487 1348 546 llocsaeramcntum
1360 492 1493 561 longeest
1505 510 1523 550 a
1538 483 1684 544 cordibus
1693 504 1794 560 sapten-

994 574 1059 628 tium
1073 578 1257 647 superborum,
1271 590 1298 636 et
1310 580 1368 635 ideo
1379 596 1433 636 non
1444 580 1688 646 christianorum,
1708 595 1742 636 ae
1752 596 1795 652 pes

993 661 1043 718 hoe
1056 679 1106 720 nee
1117 682 1180 723 vere
1191 668 1357 739 sapientium.
1373 668 1480 724 illorum
1493 669 1585 723 etiam
1606 669 1673 725 dico
1694 671 1795 741 sapien-

993 756 1057 810 tium
1071 758 1115 826 qui
1125 768 1304 829 cognoverunt
1315 758 1412 824 benum
1425 759 1693 832 qaiaeognoscesrtes
1706 758 1793 828 Dan,

991 847 1060 904 sieut
1072 848 1136 904 dicit
1148 849 1299 920 Apostolus,
1319 866 1370 904 non
1382 850 1445 924 sicta
1460 849 1549 906 Deam
1563 850 1793 922 glorificaverant,

990 947 1036 992 aut
1055 940 1149 1009 granas
1162 949 1263 1011 egerant
1276 938 1363 1013 (Rom.
1378 957 1398 1007 ι,
1412 941 1471 1013 dl).
1494 940 1579 998 Nosti
1594 951 1692 999 autem
1707 943 1793 1012 inqut

991 1029 1121 1084 saeriiloia
1130 1030 1240 1093 dieatm,
1254 1030 1359 1086 Gratias
1368 1046 1476 1101 agamus
1487 1033 1613 1087 Domino
1622 1033 1685 1089 ileo
1697 1042 1793 1088 nostro.

992 1120 1103 1190 deuius
1127 1121 1248 1176 sacrificii
1272 1121 1418 1177 liunrllitate
1440 1123 1519 1192 longe
1544 1122 1632 1178 abest
1648 1123 1759 1194 typhus,
1770 1132 1793 1179 et

991 1211 1136 1267 cothurnus
1149 1212 1263 1266 illorum.
1284 1213 1316 1267 Ει
1336 1213 1395 1268 ideo
1409 1213 1522 1268 mulmm
1540 1215 1687 1271 mirabilis
1702 1231 1747 1271 ros
1758 1224 1793 1270 est

991 1301 1211 1371 quemadmodum
1224 1302 1397 1372 quorumdam
1418 1303 1539 1358 trandum
1565 1307 1791 1375 cognoscentium

992 1391 1074 1446 boam
1083 1392 1118 1447 sit
1129 1390 1288 1447 iithnbitator
1299 1392 1378 1456 [lens.
1389 1401 1416 1448 et
1425 1392 1612 1463 quovuvndam
1623 1410 1791 1465 cognoscen-

992 1483 1056 1536 tium
1067 1497 1119 1537 aron
1132 1484 1174 1538 sit.
1190 1480 1244 1537 Neo
1255 1482 1290 1536 illi
1303 1483 1374 1537 enim
1388 1482 1421 1536 ad
1436 1483 1568 1552 templum
1580 1484 1633 1538 Dei
1645 1484 1790 1553 pertinent,

991 1574 1035 1644 qui
1047 1580 1236 1644 cognoscentes
1251 1573 1343 1637 boum,
1358 1588 1410 1627 non
1424 1573 1492 1627 sient
1505 1573 1595 1627 ileum
1616 1573 1791 1644 glorificave-

990 1674 1063 1731 runt,
1082 1673 1129 1718 aut
1141 1664 1237 1734 gratias
1250 1673 1378 1733 egerant;
1394 1670 1421 1716 ot
1432 1661 1464 1716 ad
1485 1662 1625 1731 templum
1645 1663 1699 1719 Dei
1713 1664 1791 1734 perti-

992 1762 1055 1808 nem
1069 1753 1168 1823 parvuli
1182 1753 1338 1808 canonican
1350 1752 1521 1808 &aeramento
1533 1751 1660 1821 Christi,
1685 1769 1792 1824 regene-

991 1845 1040 1900 rati
1054 1844 1152 1915 Spiritu
1171 1854 1273 1910 salveto,
1297 1843 1342 1913 qui
1364 1853 1436 1898 certe
1458 1858 1508 1914 per
1529 1853 1648 1901 aetatem
1673 1846 1790 1902 nondum

991 1943 1102 2005 possunt
1115 1949 1274 2004 cognoscere
1289 1934 1369 1989 Deum
1383 1950 1390 1986 ε
1405 1933 1475 1989 undo
1486 1948 1570 2003 quem
1586 1945 1742 2005 potuerunt
1755 1937 1791 1993 illi

991 2039 1069 2080 nosse
1093 2039 1142 2079 nec
1159 2024 1266 2091 babere,
1289 2024 1331 2080 isti
1354 2031 1494 2094 potuerunt
1515 2022 1621 2079 trabere
1646 2035 1791 2096 antmusm

991 2128 1079 2169 avone.
1102 2114 1251 2168 beatissimi
1271 2122 1358 2168 antem
1370 2120 1441 2179 suin,
1454 2112 1551 2182 «quibus
1565 2111 1622 2168 hoe
1637 2125 1685 2169 est
1709 2115 1789 2170 Deum

990 2203 1089 2259 babere
1108 2202 1179 2274 quod
1193 2217 1270 2258 nosse
1286 2220 1295 2258 t
1309 2203 1365 2273 ipsa
1377 2203 1473 2273 qnippe
1493 2200 1590 2258 notitia
1603 2202 1788 2275 plenissima,

990 2294 1137 2360 verissima,
1153 2292 1302 2349 felicissima
1317 2302 1368 2348 ost.

1024 2383 1136 2439 CAPUT
1156 2381 1210 2437 Vll.
1223 2413 1259 2424 -
1271 2383 1316 2437 ᾗ.
1339 2383 1405 2437 ilinc
1418 2381 1473 2451 jam
1486 2390 1595 2452 oportet
1607 2385 1699 2441 etiam
1718 2385 1788 2440 illam

989 2490 1068 2546 quam
1081 2483 1140 2545 past
1150 2474 1268 2545 epistolae
1279 2484 1329 2529 tuce
1337 2473 1558 2542 subscriptionem
1570 2473 1718 2544 addidisti,
1732 2493 1789 2548 per·

990 2577 1103 2624 mactare
1113 2567 1284 2637 quaestionem
1297 2584 1303 2620 :
1315 2566 1346 2621 Si
1354 2564 1561 2635 adiacipnoront
1573 2567 1683 2635 wanti
1692 2566 1787 2632 aaa.

989 2661 1112 2731 quontodo
1123 2659 1141 2714 J
1143 2675 1235 2714 oannes
1246 2660 1322 2714 etiam
1329 2669 1461 2729 antequanm
1469 2666 1630 2722 mernor,
1644 2659 1683 2713 ad
1692 2661 1787 2714 adcen-

989 2760 1079 2806 tarnat
1092 2750 1247 2819 praesentiam
1261 2750 1347 2804 nattis
1362 2748 1473 2813 Domini,
1492 2748 1518 2801 ia
1530 2762 1588 2803 saoe
1608 2750 1705 2804 aratris
1716 2761 1788 2805 meva

989 2844 1069 2912 potuit
1079 2842 1213 2896 waltare.
1228 2840 1294 2910 Cant
1304 2840 1375 2896 enim
1387 2853 1631 2896 commemorasses
1645 2850 1673 2896 te
1689 2842 1788 2912 legisse

988 2931 1084 2986 librum
1101 2946 1188 2986 meum
1201 2930 1234 2987 de
1254 2930 1388 3000 Baptismo
1401 2927 1585 2995 Parvulorum,
1599 2928 1736 2987 addidisti
1759 2941 1787 2987 et

989 3019 1048 3074 aisti
1064 3037 1071 3072 :
1087 3011 1322 3091 Deproegnantibns
1341 3019 1402 3090 qaid
1415 3018 1507 3072 sentias
1526 3028 1587 3088 opto
1606 3035 1783 3090 cognoscere,

988 3125 1045 3163 cans
1056 3108 1210 3162 credulitatis
1224 3107 1300 3178 fidem
1319 3123 1364 3176 pro
1376 3122 1453 3178 paeto
1470 3115 1550 3162 nsoter
1561 3105 1678 3163 ioannis
1693 3108 1784 3180 Rapti-

988 3209 1033 3253 sto·
1046 3198 1210 3269 responderit.

1022 3291 1067 3346 23.
1083 3289 1145 3346 llaec
1152 3298 1213 3346 surrt
1224 3299 1296 3346 certo
1306 3291 1385 3346 verba
1393 3288 1528 3345 Elisabeth
1540 3289 1639 3345 matris
1647 3290 1780 3346 ioannis:

987 3380 1065 3436 Beata
1084 3390 1112 3434 ta
1123 3381 1188 3436 inter
1209 3382 1334 3449 nmiieres,
1357 3389 1379 3435 et
1394 3381 1478 3434 beatas
1497 3382 1594 3453 {metas
1608 3382 1705 3438 mitten
1720 3382 1780 3436 tsi:

987 3468 1022 3526 Ει
1033 3470 1100 3525 ande
1113 3470 1160 3525 itae
1175 3472 1246 3537 milri,
1262 3480 1289 3524 at
1302 3470 1383 3525 cariat
1400 3479 1478 3524 mater
1490 3469 1595 3525 Dorstim'
1605 3473 1661 3526 mei
1674 3475 1710 3527 ad
1722 3473 1781 3528 sne?

989 3560 1054 3617 Ecce
1074 3562 1140 3616 enim
1153 3571 1180 3616 ιιι
1195 3562 1263 3632 sacta
1274 3570 1311 3617 est
1328 3578 1376 3617 aaa
1386 3562 1542 3617 salutationis
1563 3570 1615 3617 taoe
1628 3564 1657 3617 in
1675 3564 1780 3620 auritas

987 3653 1058 3720 nm,
1073 3654 1205 3709 easattaoit
1216 3654 1243 3707 in
1254 3653 1346 3726 paedia
1358 3655 1442 3725 insons
1462 3653 1489 3708 in
1509 3662 1579 3706 atero
1590 3669 1648 3708 meo
1661 3653 1745 3729 (tue.
1757 3671 1777 3724 t,

987 3745 1095 3817 dall).
1113 3745 1169 3801 lloe
1181 3748 1268 3800 atatem
1280 3754 1308 3800 ut
1321 3744 1431 3810 diceret,
1442 3744 1509 3799 sicut
1521 3743 1693 3815 Evangelista
1707 3753 1777 3817 pra·-

987 3835 1090 3890 loentus
1103 3843 1154 3902 est,
1165 3836 1264 3906 repleta
1277 3835 1422 3905 estSpiritu
1431 3844 1532 3900 sancto,
1546 3849 1599 3906 quo
1614 3837 1712 3905 procul
1726 3837 1777 3892 du-

987 3925 1031 3980 bio
1044 3926 1176 3982 revelante
1189 3926 1313 3996 cognovit
1323 3926 1386 3996 quid
1399 3926 1442 3980 illa
1455 3925 1595 3980 exsultatio
1611 3926 1777 3996 signiticaret

987 4017 1112 4081 iniantis;
1127 4016 1215 4083 idest,
1230 4017 1300 4073 illius
1311 4019 1414 4073 venisse
1429 4026 1550 4082 niatrem,
1564 4018 1642 4089 eajrrs
1652 4035 1776 4091 prmcar·

985 4120 1031 4163 sor
1052 4107 1108 4176 ipse
1120 4114 1148 4162 et
1164 4106 1358 4162 demonstrator
1373 4115 1443 4162 esset
1460 4105 1573 4162 iuturus.
1598 4107 1688 4163 Potuit
1710 4125 1776 4181 ergo

986 4213 1045 4254 osse
1059 4197 1107 4253 ista
1119 4196 1275 4268 significatio
1288 4199 1326 4253 rei
1338 4206 1416 4253 tantm
1426 4213 1440 4251 a
1451 4197 1594 4267 majoribus
1604 4213 1776 4271 cognoscem·

986 4289 1038 4355 dm,
1053 4303 1106 4342 non
1126 4302 1141 4342 a
1157 4288 1265 4357 parvulo
1284 4289 1407 4356 cognitae.
1435 4286 1499 4342 Nam
1524 4303 1623 4358 neque,
1646 4305 1708 4345 evim
1723 4290 1774 4346 bae

986 4386 1047 4432 ante
1069 4377 1095 4430 in
1117 4376 1258 4447 Evangelio
1280 4386 1440 4440 narraretur,
1463 4376 1560 4432 dictum
1584 4385 1637 4442 est,
1652 4378 1775 4436 Credidit

986 4467 1071 4522 inians
1084 4468 1109 4521 in
1120 4476 1195 4523 utero
1206 4467 1281 4536 ejus:
1295 4467 1491 4533 sed,eesaltaoit
1503 4482 1513 4520 .·
1523 4481 1609 4537 neque
1620 4466 1679 4537 ipsa
1693 4468 1773 4535 dixit,

986 4558 1128 4613 Exsultavit
1143 4559 1168 4612 in
1183 4558 1234 4613 lide
1249 4557 1370 4613 irriensin
1385 4567 1459 4612 utero
1475 4571 1553 4621 meo;
1567 4555 1623 4619 sed,
1639 4558 1775 4614 enatant

985 4649 1012 4704 in
1025 4650 1127 4722 pandio.
1144 4648 1270 4704 Videmus
1288 4658 1375 4703 autem
1391 4647 1592 4703 exsultationem
1610 4661 1666 4702 non
1684 4648 1773 4704 solum

986 4739 1164 4811 parvulorum,
1179 4738 1225 4794 sed
1237 4740 1314 4793 etiam
1331 4753 1466 4807 meorum,
1478 4752 1529 4791 non
1537 4736 1627 4806 ntique
1638 4736 1674 4793 de
1684 4737 1773 4809 aliqua

986 4831 1047 4896 ide,
1064 4831 1106 4886 vel
1127 4829 1263 4900 religione,
1279 4820 1326 4884 vel
1338 4828 1521 4898 qualicumque
1541 4827 1665 4882 rationaii
1679 4827 1774 4900 cogni·

987 4920 1058 4976 tione
1079 4920 1238 4975 venientem.
1264 4917 1316 4973 Sed
1339 4916 1397 4973 hace
1417 4917 1494 4986 plane
1514 4913 1640 4971 inusitata
1661 4927 1688 4972 et
1701 4931 1773 4974 nova

985 5010 1098 5076 exstitit,
1112 5010 1172 5080 qnia
1186 5009 1212 5063 in
1228 5018 1311 5071 utero,
1324 5018 1353 5063 et
1373 5007 1406 5062 ad
1426 5008 1483 5075 eius
1496 5005 1712 5079 adventumque
1726 5007 1774 5062 bo·

986 5101 1085 5155 minum
1107 5098 1269 5155 Salvatorem
1283 5096 1366 5152 iuerat
1389 5097 1515 5167 paritura.
1539 5093 1601 5152 ldeo
1615 5096 1695 5164 mira,
1711 5096 1773 5152 idco

985 5191 1012 5247 in
1025 5191 1127 5261 magnis
1147 5189 1228 5261 signis
1245 5187 1415 5258 deputanda:
1433 5185 1492 5242 ideo
1505 5185 1563 5241 lime
1575 5185 1729 5252 ensrrltatio,
1747 5194 1774 5240 et

984 5293 1108 5354 tanquam
1116 5282 1193 5337 matri
1205 5279 1416 5336 Dominireddita
1427 5276 1590 5343 resalutatio,
1605 5277 1676 5332 sieut
1685 5278 1773 5332 saleru
1839 5339 1841 5343 Ι

985 5373 1110 5430 miracala
1124 5372 1190 5434 lieri,
1205 5370 1271 5425 taeta
1285 5377 1324 5426 est
1345 5369 1470 5423 divinitus
1483 5368 1509 5421 in
1522 5365 1633 5436 inserite,
1648 5381 1705 5422 non
1720 5367 1771 5423 Ιιιι·

986 5462 1145 5519 manitusab
1159 5460 1267 5517 intente.
1794 5463 1799 5473 ·

1020 5553 1066 5609 tl.
1085 5554 1239 5623 Quanquam
1249 5551 1353 5608 etiamsi
1363 5549 1524 5623 usqueadeo
1538 5549 1616 5605 estin
1627 5550 1676 5607 illo
1690 5565 1773 5613 narra

987 5647 1150 5702 acceleratus
1170 5658 1234 5727 usus
1256 5641 1363 5699 ratiouis
1382 5651 1409 5698 et
1422 5639 1574 5708 voluntatis,
1591 5650 1619 5695 nt
1643 5650 1715 5696 rutra
1735 5655 1769 5697 a·
