3906 6390
70 277 122 334 ste

70 398 193 472 exemplo
203 414 258 456 succ
269 400 356 456 carreis
368 400 553 456 exhortaretur
568 397 664 455 lidelcs
678 412 741 454 suos
763 406 866 467 tempo-

70 489 154 545 ralem
168 505 217 560 pro
233 499 332 547 aeterna
346 491 496 547 felicitatem
516 496 699 555 contemnere,
724 503 809 559 usque
829 485 863 543 ad

70 575 864 653 mortempertulitpersequemesatquesevientes‚otqmst

71 671 141 725 ricto
157 679 184 725 ct
195 685 325 743 oppresso
335 672 449 742 superbe
459 670 610 727 illudentes.
621 669 698 737 Quod
706 678 793 725 autem
804 682 864 723 car-

70 776 132 817 nem
153 776 230 819 suam
244 762 422 829 resuscitarit,
437 772 464 817 ct
476 761 666 834 discipulorum
679 757 866 832 conspectibus

70 859 98 908 et
110 849 278 907 contactibus
296 851 421 919 reddidit,
436 852 529 924 eisque
542 850 692 907 ridentibus
705 847 826 905 ascendit
839 848 864 902 in

21 1002 33 1016 .
70 928 180 1005 eaelum,
203 938 276 1011 ipsos
298 940 448 1007 aedificarit,
473 942 586 1011 etquid
609 948 774 1011 exspectare,
802 936 865 1010 quid

72 1028 217 1100 praedicare
229 1029 367 1097 deberent,
377 1030 575 1086 euidentissima
585 1031 694 1086 ueritate
702 1029 867 1085 demonstra·

72 1118 119 1174 xit.
131 1118 193 1175 llius
205 1128 294 1176 autem
307 1120 428 1191 aquibus
443 1128 514 1176 torua
532 1121 695 1191 malensque
707 1119 741 1175 ad
753 1126 866 1174 mortem

71 1210 226 1282 pertulerat,
241 1210 316 1282 quasi
329 1209 363 1265 de
373 1210 420 1267 illo
430 1218 555 1280 superato
567 1219 594 1266 et
608 1212 739 1266 exstincto
751 1208 867 1281 glorian·

71 1309 123 1366 tos,
138 1299 163 1355 in
178 1314 208 1356 ea
226 1299 352 1371 opinione
365 1300 524 1371 dereliquit,
539 1308 569 1355 ιιι
583 1301 703 1371 quisquis
714 1314 807 1356 eorum
821 1311 866 1354 sa-

71 1392 126 1450 lute
139 1402 237 1449 aeterna
252 1392 341 1448 saltus
356 1391 412 1448 sseri
426 1393 516 1458 uellet,
529 1392 580 1448 hoc
589 1391 623 1448 de
635 1391 706 1446 lllius
717 1390 812 1445 mortui
825 1404 867 1445 ro·

72 1483 239 1543 surrectione
262 1482 392 1549 crederet,
418 1483 488 1553 quod
516 1484 532 1538 li
559 1483 602 1554 qui
625 1483 758 1548 ciderunt,
784 1480 867 1553 signis

71 1573 285 1629 contestantibus
298 1573 557 1645 praedicamentum
571 1589 663 1646 proca
678 1573 867 1643 predicatione

72 1664 169 1720 similia
184 1666 286 1736 perpeti
300 1681 353 1721 uon
368 1665 565 1721 dubitaverunt.

107 1753 222 1810 CAPUT
233 1752 270 1808 lt.
285 1784 320 1795 -
330 1753 377 1810 ιιι.
391 1755 558 1826 Qtrapropter
572 1756 652 1814 etiam
665 1752 779 1812 lacobus
799 1768 867 1811 unus

72 1858 105 1899 cx
125 1844 262 1914 Apostolis
279 1843 348 1916 ejus,
376 1845 402 1901 iu
426 1845 544 1917 Epistola
559 1861 617 1914 soa,
640 1860 701 1901 cum
717 1846 868 1902 hortaretur

73 1933 166 1989 lidelos
180 1933 226 2004 qui
245 1944 306 2004 post
321 1934 470 2004 passionem
490 1944 517 1992 et
533 1937 754 1993 resurrectionem
769 1936 867 1992 Christi

72 2024 158 2097 atlhuc
169 2025 198 2080 in
214 2025 263 2083 ists
277 2025 329 2081 vita
341 2027 508 2094 tenebamur,
523 2027 747 2099 dispensationem
765 2028 867 2084 l'eteris

74 2114 237 2172 Testamenti
250 2114 368 2188 Notique
378 2118 555 2190 distinguens,
565 2119 758 2186 Sustinetrtiom,
770 2118 865 2191 iuquit,

72 2206 121 2261 lod
133 2207 248 2275 audistis,
259 2218 283 2264 et
293 2209 370 2278 liutem
379 2209 483 2265 Domini
494 2210 590 2266 uidistis
600 2210 702 2283 (iacobi
712 2228 738 2277 r,
756 2209 800 2284 ll)
814 2228 821 2264 :
834 2226 867 2268 nc

75 2296 272 2368 ideopatientor
281 2299 443 2356 sustinerent
454 2288 608 2372 temporalia
620 2302 699 2368 mala,
712 2310 741 2358 ut
752 2303 803 2360 sihi
814 2302 866 2360 hoc

74 2389 257 2445 restitueretur
265 2390 336 2461 quod
344 2392 866 2467 recepisselcgimusiohmu,lolliam

74 2488 100 2532 et
109 2478 143 2533 ah
155 2479 201 2534 illo
213 2479 324 2536 rulnore
338 2488 418 2552 atque
432 2483 571 2553 putredine
583 2484 672 2541 salvus
684 2485 770 2540 lactus
778 2494 830 2552 est,
840 2494 868 2543 et

72 2567 97 2623 ei
110 2578 206 2625 cuncta
220 2584 279 2641 qum
300 2572 436 2637 amiserat,
450 2572 566 2644 duplicia
586 2582 648 2630 sunt
660 2575 781 2631 restituta
798 2594 805 2630 ι
822 2575 866 2633 ubl

73 2661 152 2715 etiam
167 2662 352 2718 commendata
369 2672 411 2719 ost
425 2665 629 2721 resurrectionis
648 2666 722 2722 lidos.
738 2666 805 2722 Nam
820 2667 866 2724 hiii

73 2765 126 2806 non
142 2750 226 2822 dupli,
241 2751 288 2807 sed
304 2751 412 2809 totidem
426 2753 533 2821 redditi,
544 2755 623 2809 etiam
642 2755 701 2810 illos
715 2770 785 2826 quos
798 2757 865 2812 ami·

74 2850 146 2896 serat
159 2851 357 2898 resurrecturos
377 2842 575 2914 significarunt;
591 2854 618 2900 ut
641 2845 679 2899 sic
695 2845 745 2916 ipsi
760 2861 866 2917 quoque

73 2927 125 2985 illis
139 2930 270 3001 prioribus
280 2931 383 3003 juncti,
399 2948 414 2987 a
429 2933 596 2991 restitutione
607 2935 681 3007 dupli
695 2951 749 2992 non
762 2937 865 2994 huoni-

73 3024 165 3078 'reuttrr
185 3023 275 3080 alieni.
300 3023 336 3081 tu
359 3040 422 3097 crgo
446 3040 498 3081 non
523 3026 602 3082 talem
622 3029 865 3087 remunerationem

74 3130 253 3186 speraremus,
269 3117 374 3187 quando
387 3119 456 3174 naala
470 3120 625 3190 tetrrporalia
640 3129 802 3191 pateremur,
812 3137 865 3177 non

72 3202 316 3272 ait,Strstineutiam
327 3215 355 3262 ot
368 3208 448 3262 linem
461 3207 512 3263 ioh
522 3208 632 3264 audistis
642 3226 649 3276 ;
661 3210 708 3265 sed
723 3211 769 3275 ait,
784 3210 866 3266 Sutri-

74 3297 184 3352 nentium
192 3295 242 3353 tot»
250 3297 367 3366 erudistis,
380 3307 403 3354 et
415 3299 491 3368 fiuent
499 3298 602 3354 Douriui
613 3301 710 3356 uidistis
722 3320 729 3354 ε
741 3310 866 3371 tanquam

75 3389 187 3458 diceret,
203 3391 268 3446 llala
284 3392 439 3462 temporalia
452 3392 581 3449 sic'utloh
592 3392 721 3448 sustinete
732 3410 740 3458 ;
752 3393 799 3466 sed
819 3409 867 3464 pro

75 3479 125 3534 hac
137 3480 295 3538 sustinentia
309 3498 361 3537 non
376 3482 533 3554 temporalia
546 3482 615 3538 bona
625 3493 742 3554 sperate,
756 3499 814 3553 que
828 3482 866 3539 illi

73 3579 150 3626 aucta
163 3570 309 3640 rediemnt,
321 3571 368 3628 scd
384 3582 483 3628 aeterna
504 3573 602 3643 potius,
626 3589 686 3644 quar
705 3574 731 3628 iu
754 3574 867 3630 bomiuo

73 3668 276 3733 pracessemnt.
291 3661 342 3718 lob
352 3677 417 3733 ergo
433 3662 466 3718 de
483 3663 534 3718 illis
551 3663 670 3734 patribus
682 3673 748 3730 crat,
765 3665 810 3735 qui
820 3681 867 3720 ex·

73 3751 263 3818 clamaverunt,
290 3762 318 3809 et
340 3754 406 3809 salui
431 3753 492 3810 lancti
515 3762 587 3809 sunt.
609 3753 675 3810 Cum
697 3755 768 3810 enim
792 3755 865 3824 dicit,

74 3837 131 3911 Epo
143 3850 236 3909 etitem,
252 3843 317 3898 satis
330 3844 447 3900 insinuat
460 3860 512 3917 qua
527 3844 611 3900 salute
631 3845 691 3900 illos
706 3847 793 3902 salros
807 3862 867 3903 esse

74 3927 157 3986 iactos
168 3931 231 3987 uelit
241 3931 367 4004 iutelliqi;
384 3934 472 4005 inqua
484 3934 790 4007 ipscutiqoodcrehcms
802 3945 844 3993 ost
857 3954 864 3991 ι

75 4019 211 4093 nonquod
225 4023 260 4078 illi
278 4039 292 4077 a
311 4025 396 4081 saluto
416 4033 516 4082 aterna
539 4025 637 4081 luerint
657 4025 755 4093 alieni;
779 4026 825 4081 sed
840 4029 866 4082 ht

74 4111 178 4167 occulto
191 4122 252 4169 tuoe
267 4122 322 4170 erat
335 4114 406 4185 quod
421 4115 447 4171 in
457 4115 565 4172 Christo
577 4113 664 4172 luerat
683 4116 864 4172 rotelandam.

75 4201 104 4258 ln
118 4201 207 4260 tuot
222 4206 319 4277 quippo
333 4206 506 4265 Testarnooto
519 4208 639 4263 uelamen
655 4215 696 4263 est
714 4208 783 4279 quod
804 4218 867 4265 tunc

73 4291 291 4359 doloremmeum
305 4295 338 4352 ad
351 4297 485 4353 Cltristum
499 4299 612 4370 quisque
627 4298 689 4355 inde
705 4300 840 4356 transierit
857 4318 864 4355 a

75 4398 128 4453 quo
157 4384 285 4440 eruciuxo
308 4387 430 4443 velamen
462 4389 542 4444 etiarm
570 4390 660 4460 templi
687 4392 800 4447 scissum
826 4401 867 4448 est

72 4471 188 4543 (lletth.
203 4487 290 4541 xtuu,
304 4475 335 4530 51
345 4473 367 4548 ),
386 4485 415 4532 ut
431 4476 625 4549 sigtrihearetur
639 4478 710 4550 quod
724 4480 866 4551 Apostolus

75 4562 109 4617 de
133 4560 264 4618 velamine
283 4564 388 4621 h'oteris
407 4563 571 4625 'testamenti
597 4569 673 4639 dixit,
697 4573 817 4644 quoniam
839 4574 866 4629 iu

74 4651 317 4710 Christoeuueuoutr
327 4655 358 4725 (ll
369 4653 429 4712 Cor.
443 4673 481 4722 ιιι,
494 4660 548 4729 li).

110 4743 155 4799 2¹1.
169 4743 236 4800 Narn
250 4755 277 4802 et
291 4745 381 4802 inillis
395 4747 514 4819 patribus
528 4751 648 4820 quamvis
662 4752 808 4820 rarissima,
825 4767 865 4811 ta·

75 4849 136 4889 men
152 4833 267 4904 luerunt,
284 4845 310 4892 et
323 4851 406 4909 usqne
419 4838 452 4893 ad
465 4847 578 4896 rnortem
588 4844 709 4915 exempta
721 4844 864 4917 patientia,

53 4906 59 4939 ²
75 4924 232 4996 asanquine
244 4925 309 4982 ubet
323 4927 451 4998 usquead
465 4928 618 4999 sanguinem
634 4931 768 4990 Zachariae
781 4934 864 5008 (Luc.

50 4983 115 5108 ’,ιι
127 5015 183 5090 dl),
195 5031 309 5089 quorum
319 5019 476 5090 sanquinem
487 5018 552 5075 dicit
565 5020 691 5078 {lominus
702 5023 780 5081 Jestrs
793 5033 821 5082 et
832 5026 867 5082 ab

74 5106 115 5163 eis
127 5107 284 5180 exigendum
294 5110 338 5182 qui
351 5110 377 5165 in
392 5119 495 5182 patrum
510 5127 630 5182 suorum,
641 5129 657 5171 a
668 5116 808 5188 quibusilli
818 5133 865 5174 oe·

74 5199 208 5267 cisimus,
228 5199 366 5272 iniquitate
386 5203 557 5273 persisterent
574 5216 623 5262 :et
642 5207 668 5263 in
682 5207 756 5264 Noto
770 5208 865 5266 Testa·

76 5299 167 5346 mento
180 5305 229 5347 nce
241 5290 335 5360 deluit,
350 5309 400 5349 nec
414 5293 489 5352 deest
501 5296 631 5353 bonomnt
643 5299 759 5356 bdelium
774 5302 865 5360 multi·

75 5382 151 5450 tutlo,
164 5384 210 5455 qui
223 5385 303 5440 otiam
317 5386 367 5442 ista
382 5389 521 5460 temporali
541 5390 667 5449 felicitate
680 5397 864 5468 praepolleant,

74 5483 103 5531 et
115 5474 144 5530 iu
161 5490 193 5531 ea
217 5475 351 5550 largitoris
373 5479 420 5536 Dci
440 5480 585 5539 honitatem
605 5485 866 5561 misericordiamque

74 5569 257 5639 experiantur,
279 5580 400 5633 tenentes
410 5581 499 5631 umen
521 5576 592 5647 quod
612 5577 780 5650 dispensator
799 5581 865 5640 Nori

74 5655 237 5717 Testamenti
249 5649 375 5719 dlxltihus
384 5660 462 5736 bulas
471 5665 564 5723 secoli
576 5667 719 5741 spostolus
726 5673 864 5748 precepit,

648 247 888 332 nursrotumu
906 271 1044 329 uiussts
1069 272 1113 330 ιιι.

1661 279 1714 340 bier

919 406 969 446 nort
981 391 1085 465 eripete
1099 396 1198 465 tripete,
1214 411 1291 466 ireque
1300 411 1402 468 sperare
1412 396 1438 450 iu
1448 404 1543 451 uren-to
1554 396 1715 462 diuiderem,-

919 483 964 538 ted
977 484 1002 537 iu
1022 482 1075 538 Deo
1087 484 1140 537 uiuo
1152 485 1195 555 qui
1208 495 1310 555 pro‘xtut
1325 486 1396 541 nodis
1408 486 1493 541 omniu
1507 487 1664 542 triurtdanter
1677 486 1712 543 nd

918 573 1071 642 fruendum,
1084 582 1110 627 ut
1123 573 1184 629 lene
1194 577 1299 646 sacient,
1317 576 1406 631 diuites
1425 577 1476 632 sint
1493 580 1519 632 ln
1538 576 1652 648 operibns
1667 578 1713 632 lre·

919 664 968 730 nis,
980 665 1055 736 focile
1067 663 1188 732 tribuent,
1202 667 1395 735 coutruuuieent,
1410 668 1578 722 tltesenrieent
1590 668 1637 722 tibi
1649 668 1710 738 [ert-

919 753 1063 808 dameatnm
1079 753 1172 809 bonum
1189 755 1215 809 in
1234 755 1358 825 futurum,
1378 766 1405 811 ιιι
1421 758 1612 830 apprehendent
1628 772 1713 813 emam

918 844 1032 914 ciminii
1050 843 1118 898 Tim.
1131 860 1167 910 tr,
1181 844 1287 919 ti-ttl)
1304 864 1311 902 :
1327 847 1413 916 qualis
1433 848 1460 902 in
1474 847 1571 904 Christi
1587 862 1639 903 non
1652 857 1710 904 tarr·

920 943 975 990 tum
986 936 1090 1005 spiritu,
1104 938 1289 992 scienotiam
1299 953 1379 994 carne
1393 939 1560 995 manifestata
1573 948 1630 1006 est,
1650 955 1712 996 cum

919 1029 1064 1082 resurrexit
1077 1042 1092 1081 a
1104 1028 1226 1094 mortuis,
1240 1044 1292 1084 uon
1305 1029 1410 1100 qualem
1433 1030 1518 1086 iudei
1541 1032 1567 1086 itt
1587 1032 1633 1086 illo
1652 1046 1712 1101 per-

919 1126 1060 1184 emerunt,
1081 1117 1187 1188 quaudo
1205 1135 1265 1174 eum
1283 1118 1452 1176 demonibus
1471 1137 1563 1176 corum
1578 1123 1647 1178 licus
1660 1139 1713 1179 non

919 1208 998 1276 eruit,
1019 1226 1134 1282 eumque
1159 1211 1334 1283 dereliquisse
1356 1212 1430 1268 visus
1448 1221 1490 1268 est
1507 1213 1711 1281 exclamantem,

919 1296 990 1354 Deua
1003 1316 1082 1368 nteut,
1100 1299 1167 1356 Deua
1185 1317 1271 1367 aretin
1292 1302 1379 1374 utquid
1394 1318 1433 1357 nte
1444 1301 1619 1374 dereliquisti
1634 1312 1663 1359 ιιι
1681 1318 1713 1360 eu

920 1392 1000 1448 tnodo
1022 1394 1048 1448 in
1067 1410 1098 1450 sc
1119 1396 1317 1466 transfiguraret
1340 1407 1472 1468 martyres
1494 1414 1567 1464 suos,
1595 1401 1640 1471 qni
1663 1399 1715 1456 ool

921 1483 989 1538 mori
1005 1485 1113 1550 nollent,
1128 1484 1289 1555 quodetiam
1309 1487 1387 1542 Petro
1399 1486 1477 1554 dixit,
1494 1490 1564 1542 Alter
1583 1498 1607 1544 te
1620 1490 1713 1561 eiuqet,

920 1580 944 1626 et
954 1574 1016 1644 feret
1027 1589 1078 1643 qno
1090 1583 1117 1628 ιιι
1136 1591 1186 1630 nott
1199 1575 1411 1647 vintimiliensi
1425 1594 1474 1649 que
1492 1589 1571 1633 otorte
1586 1580 1715 1649 clarifica·

921 1669 993 1716 turus
1005 1672 1059 1717 erut
1074 1662 1156 1718 Deum
1167 1663 1255 1734 (lona.
1269 1681 1326 1728 ιιι,
1343 1664 1398 1738 18),
1414 1675 1441 1721 ct
1455 1667 1490 1722 oh
1502 1666 1553 1723 huc
1570 1683 1585 1723 a
1600 1668 1653 1724 Deo
1665 1684 1716 1724 suo

922 1750 1041 1809 derelicti
1065 1753 1218 1809 riderentur
1239 1754 1273 1810 ad
1297 1763 1419 1826 tempus,
1442 1772 1502 1812 cum
1526 1758 1566 1813 cis
1587 1768 1715 1828 praestare

921 1841 1005 1897 nollet
1024 1842 1095 1914 quod
1118 1843 1224 1910 rolloni,
1245 1843 1317 1900 illam
1332 1860 1423 1900 uocem
1439 1847 1528 1903 cordis
1551 1849 1713 1917 emitterent,

921 1931 1047 2005 iilumque
1060 1933 1216 1990 adhiberent
1231 1935 1334 2005 pioerth
1346 1934 1480 2003 alhrcturu,
1496 1952 1574 2008 qtrem
1590 1938 1715 2009 passione

920 2022 1092 2093 inpendente
1103 2038 1150 2079 ore
1165 2024 1273 2094 proprio
1287 2024 1413 2078 bolotinus
1423 2027 1564 2095 expressit,
1581 2041 1628 2082 cos
1648 2027 1674 2082 iu
1684 2040 1732 2099 so¹

920 2111 1066 2168 identidem
1086 2113 1288 2184 transfigurans,
1317 2111 1407 2167 l'eruru
1427 2131 1476 2168 nou
1497 2113 1565 2186 quod
1582 2131 1627 2186 eqo
1646 2114 1713 2180 eolo,

919 2204 964 2258 sed
972 2204 1041 2275 quod
1052 2213 1079 2258 ιιι
1092 2205 1138 2271 cis,
1156 2203 1233 2258 Pater
1245 2203 1351 2276 (llarttlt.
1368 2221 1445 2271 xxm,
1460 2205 1516 2276 59).

954 2292 1066 2350 attuit
1083 2294 1128 2349 ΧΙ.
1136 2295 1223 2351 -ἳὸ,
1233 2295 1262 2350 Ιιι
1273 2311 1325 2365 quo
1337 2296 1406 2350 euim
1417 2297 1546 2366 pritttituS,
1559 2297 1609 2352 uisi
1621 2298 1714 2368 inipso

919 2386 1006 2457 cupite
1020 2396 1110 2442 nostro
1123 2402 1254 2458 apparere
1273 2387 1372 2451 debuit,
1387 2396 1496 2459 proptor
1516 2404 1594 2459 quam
1610 2389 1714 2443 ritant⁸

919 2475 1055 2532 christiani
1067 2477 1180 2532 snmusl
1194 2477 1336 2547 Propterea
1346 2492 1399 2532 non
1412 2478 1459 2543 ait,
1470 2478 1540 2534 ileos
1548 2494 1633 2544 rurus,
1645 2480 1714 2534 llctts

920 2581 1005 2634 meus,
1019 2565 1183 2639 dereliquisti
1195 2583 1255 2632 me;
1269 2567 1315 2623 sed
1329 2582 1436 2622 causam
1447 2568 1611 2624 cnrnttmnuit
1623 2570 1714 2639 repti-
1781 2633 1784 2643 1

921 2657 1043 2724 rendam,
1062 2672 1123 2713 eum
1143 2657 1254 2724 addidit,
1276 2658 1365 2726 utquid
1376 2657 1531 2731 dereliquisti
1544 2661 1603 2714 orel
1624 2660 1714 2725 idest,

918 2760 1011 2816 quare,
1025 2756 1133 2817 propter
1143 2746 1216 2818 quid,
1233 2761 1313 2818 quam
1324 2746 1358 2802 ob
1372 2749 1500 2802 causam?
1510 2748 1711 2806 l'rulectocuirtt

919 2847 976 2892 erat
989 2838 1077 2909 aliqua
1090 2853 1179 2904 causa,
1194 2854 1278 2910 caque
1289 2856 1341 2893 nou
1360 2855 1451 2911 parco,
1473 2851 1501 2896 m
1518 2840 1574 2897 Noc
1592 2841 1716 2897 liberaret
1743 2887 1747 2896 .

918 2925 952 2983 de
967 2926 1076 2995 diluuio,
1098 2929 1165 2984 Loth
1179 2929 1213 2985 dc
1232 2928 1333 2985 coelesti
1347 2930 1478 2995 inccndio,
1496 2930 1568 2987 isaac
1580 2931 1613 2988 dc
1626 2933 1715 2986 iutrrri·

919 3020 989 3073 nenti
1003 3020 1101 3090 gladio,
1115 3019 1213 3091 Joscph
1226 3022 1260 3077 de
1272 3022 1403 3078 calumnia
1419 3023 1536 3079 nrrrlicris
1550 3034 1575 3079 ct
1588 3024 1709 3081 crtstodia

918 3109 1044 3177 carceris,
1059 3110 1167 3183 lhryson
1183 3112 1217 3167 ah
1234 3110 1379 3184 AEqyptiis,
1392 3113 1466 3168 harah
1477 3113 1511 3168 ab
1524 3114 1630 3169 excidio
1647 3116 1715 3171 ciri·

920 3201 991 3268 tatis,
1005 3202 1177 3259 Susanttama
1189 3205 1300 3260 testibus
1311 3203 1393 3271 loisis,
1404 3205 1540 3261 barrielem
1552 3221 1568 3260 a
1579 3206 1714 3274 leonibus,

920 3298 975 3347 tres
990 3293 1060 3348 riros
1072 3293 1107 3349 ab
1120 3295 1234 3363 ignibus,
1250 3295 1369 3366 aliosque
1384 3303 1472 3366 patres
1484 3295 1529 3365 qui
1547 3298 1714 3354 exclaruate·

920 3392 993 3447 runt,
1014 3391 1041 3437 ct
1063 3383 1130 3439 salui
1154 3383 1214 3438 lacti
1229 3394 1306 3450 sunt;
1322 3395 1349 3440 ot
1375 3385 1510 3440 cinisium
1536 3384 1569 3441 de
1592 3388 1714 3444 matribus

918 3469 1070 3525 iudeorum
1084 3489 1136 3526 nitu
1152 3472 1287 3540 liberaret,
1301 3489 1416 3544 euntque
1426 3475 1452 3529 iu
1464 3478 1714 3544 potestates-ericu-

919 3558 984 3615 tium
998 3575 1083 3630 usque
1096 3561 1129 3615 ad
1149 3562 1244 3616 mortis
1263 3563 1367 3618 exitum
1387 3563 1593 3636 derelinqueret.
1615 3565 1713 3638 thtrid

919 3651 990 3709 hoc?
1000 3662 1108 3725 proptor
1119 3655 1182 3726 quid
1196 3655 1258 3722 hoc,
1274 3657 1323 3712 nisi
1343 3670 1451 3728 propter
1465 3658 1528 3714 ilhrd
1545 3661 1617 3730 quod
1633 3661 1713 3731 paulo

918 3754 978 3814 post
991 3745 1017 3799 ln
1031 3745 1126 3802 eodem
1138 3747 1241 3819 psalmo
1255 3748 1328 3810 dicit.
1343 3767 1392 3804 iton
1403 3751 1437 3804 nd
1449 3751 1621 3822 insipientiam
1635 3753 1714 3819 rrtilri,·

920 3833 971 3889 hnc
986 3844 1037 3904 est,
1053 3837 1158 3906 corpori
1173 3853 1244 3905 nteo,
1266 3839 1393 3895 Ecclesiae
1406 3855 1483 3906 ntem,
1499 3841 1616 3896 ntinhttis
1629 3841 1714 3908 tneisi

919 3923 984 3980 Natu
999 3936 1026 3981 et
1040 3927 1066 3982 itt
1078 3927 1231 3998 Etunqelio,
1248 3931 1354 3996 Quando
1365 3931 1409 3985 urrt'
1419 3948 1451 3986 ee
1467 3932 1576 3987 tut'ru‘uu'a
1596 3933 1657 3986 rom
1676 3937 1714 4004 [e-
1782 3936 1785 3942 ’

918 4016 998 4082 cistis,
1014 4017 1108 4089 iuquit,
1123 4019 1184 4073 rrriltt'
1197 4020 1290 4092 fecistis
1307 4019 1420 4094 (botru
1448 4038 1513 4088 xxv,
1538 4023 1593 4094 lb).
1608 4023 1653 4080 ste
1665 4025 1716 4080 ita·

919 4121 970 4176 quo
982 4105 1081 4162 dictum
1097 4117 1145 4174 est,
1162 4119 1185 4165 et
1199 4126 1248 4163 uon
1260 4110 1295 4164 ud
1312 4111 1482 4181 irrsipieutimu
1495 4113 1567 4180 rtrt'hi,
1579 4114 1715 4184 quomodo

919 4196 1079 4265 dictumest,
1094 4199 1157 4253 utilri
1169 4201 1273 4271 peristis,
1290 4201 1368 4257 etsie
1382 4201 1480 4257 dictum
1501 4211 1552 4273 est,
1573 4221 1651 4276 quare
1672 4222 1713 4262 ute

919 4290 1083 4360 dereliquisti,
1099 4293 1233 4363 quomodo
1250 4293 1349 4350 dictum
1363 4295 1475 4361 cst,Qttt'
1494 4312 1536 4351 ros
1555 4299 1654 4370 recipit,
1671 4316 1712 4356 me

919 4380 1026 4452 rccipit;
1041 4391 1064 4435 ct
1077 4382 1120 4452 qut'
1131 4399 1171 4436 uox
1182 4384 1287 4453 speruit,
1302 4395 1326 4437 et
1343 4400 1382 4438 ute
1395 4386 1490 4456 tpcrrtit
1504 4384 1579 4460 (trie.
1602 4403 1631 4453 x,
1656 4388 1712 4461 ld).

918 4471 975 4527 Noa
986 4488 1050 4544 ergo
1061 4472 1094 4529 ad
1108 4473 1284 4544 insipientiam
1296 4475 1383 4541 nobis,
1396 4475 1443 4531 sed
1454 4479 1625 4547 utsapiatuus
1636 4499 1643 4536 :
1655 4495 1710 4536 utin

919 4573 1027 4634 propter
1043 4563 1120 4619 istam
1133 4565 1224 4629 ritant,
1234 4565 1319 4636 inqua
1333 4580 1382 4620 nos
1395 4564 1465 4622 [leus
1474 4568 1617 4638 aliquando
1628 4584 1712 4641 usque

918 4653 950 4708 ad
964 4662 1077 4709 mortem
1098 4656 1311 4726 persequentium
1330 4657 1452 4713 matribus
1473 4657 1643 4731 derelinquit,
1663 4663 1711 4718 sed

919 4753 1028 4815 propter
1043 4744 1113 4799 illam
1125 4745 1315 4816 sempiternam
1335 4760 1385 4801 nos
1397 4745 1495 4804 debere
1507 4764 1567 4804 esse
1589 4750 1712 4808 christia·

919 4848 985 4902 nos;
1000 4835 1061 4906 quia
1080 4834 1131 4890 hoc
1145 4836 1170 4892 itt
1187 4836 1233 4891 illo
1246 4836 1417 4907 precessisse
1426 4838 1572 4910 iutuemur,
1586 4857 1622 4896 ex
1636 4843 1714 4914 cuitu

919 4924 1025 4980 nonriue
1037 4924 1076 4981 sic
1086 4939 1222 4981 tomrnur.

953 5006 998 5071 29ss
1019 5016 1088 5073 Ecce
1106 5016 1143 5071 ita
1161 5015 1258 5073 lactum
1277 5028 1319 5074 est
1332 5035 1340 5074 r
1353 5025 1443 5075 tannen
1455 5027 1507 5075 tarn
1521 5021 1595 5077 multi
1610 5038 1663 5078 non
1677 5024 1714 5082 oh

918 5106 988 5162 aliud
999 5107 1090 5163 uolunt
1103 5121 1163 5164 esse
1179 5106 1332 5179 christiani,
1351 5108 1402 5166 nisi
1418 5119 1446 5166 ιιι
1460 5110 1540 5183 hujus
1554 5114 1614 5170 titre
1626 5115 1713 5171 iclici·

920 5208 974 5255 tate
996 5202 1181 5272 perimentum
1207 5200 1321 5275 ideoque
1344 5202 1388 5260 illa
1408 5203 1550 5262 dellciente
1575 5206 1712 5266 deliciunt.

917 5290 999 5360 Quid,
1018 5291 1107 5348 sinon
1120 5292 1216 5365 inipso
1225 5301 1319 5350 nostro
1332 5294 1419 5366 eapite
1432 5305 1485 5351 tam
1497 5297 1599 5370 insigne
1612 5300 1708 5357 consti

919 5392 1038 5441 tueretur
1058 5387 1231 5457 exemplum,
1250 5401 1304 5457 quo
1317 5387 1480 5445 disceremus
1497 5406 1546 5463 pro
1559 5393 1711 5454 coelestinos

919 5487 1024 5536 terreua
1046 5488 1229 5546 contemnere,
1247 5494 1300 5536 non
1313 5482 1486 5553 respicientes
1499 5499 1559 5554 quae
1578 5483 1710 5559 ridentur,

918 5568 965 5626 scd
979 5585 1038 5640 qnae
1053 5585 1105 5626 non
1118 5569 1260 5633 ridentur?
1271 5585 1331 5643 qua
1342 5573 1414 5629 euim
1429 5573 1562 5644 ridentur,
1579 5585 1709 5649 tempore

952 5682 1340 5752 ¹rxld.,propterqttmneatttttm
1350 5687 1489 5745 chrislmri.
1501 5696 1564 5757 usa,
1578 5696 1661 5745 ttin-
1720 5757 1726 5769 ι
