3906 6390
160 282 213 341 tlt
732 281 970 341 nrssldtsudtl
987 283 1123 341 entssts
1141 282 1183 341 ΙΙΙ.

1734 295 1790 353 ill

160 380 244 463 quare
257 391 361 451 neuim
372 393 527 459 adrentum
540 391 645 463 quando
662 400 751 448 tantos
760 402 801 449 εει
814 394 847 449 ul
867 395 947 453 duero
998 406 1086 462 eruunt,
1099 397 1121 452 si
1135 397 1187 453 diei
1202 407 1296 469 potest,
1317 400 1518 457 novissimorum
1539 405 1684 472 innissimi‚
1705 417 1785 479 atquo

160 482 638 553 hunrocoessnrldnostolusoerte,
651 483 772 553 Spiritui,
785 483 879 555 iuquit,
892 500 947 539 ma·
997 487 1030 541 ad
1044 488 1129 556 insum
1153 490 1261 543 «elimino
1282 492 1463 559 inertissimum,
1491 510 1568 562 equom
1592 495 1648 551 rnlt
1672 495 1783 571 intelllgi

160 571 249 639 ortem
260 572 321 627 dicit
333 572 392 642 quio
404 573 431 625 in
444 570 582 628 novissimis
598 571 751 642 temporibus
764 571 877 626 recedent
887 573 945 643 qui·
998 574 1134 642 Dominus,
1149 576 1193 631 ubi
1209 576 1282 641 dicit,
1305 576 1337 632 Er
1351 582 1500 636 resuscitabo
1520 599 1576 636 ruere
1599 584 1625 638 iu
1647 587 1783 643 notiorimo

160 658 221 715 olant
244 677 261 715 o
284 661 334 730 fido
354 660 461 731 (llim.
486 676 523 725 rr,
547 659 582 731 l).
607 659 729 716 Nondrnn
756 661 846 729 utiquo
870 668 947 716 erant
997 660 1249 736 dre(loua.m,ltt)
1268 666 1428 737 :quiquam
1452 668 1530 739 litargo
1555 669 1633 739 absit,
1658 685 1783 745 eompre-

159 748 254 803 eadem
282 757 412 819 tempora,
442 747 626 804 haeretieorum
651 748 753 805 scilieet
788 759 815 804 er
841 748 943 815 talium,
996 749 1076 804 lieiedi
1091 769 1141 806 reon
1158 763 1252 819 [iorem.

159 837 251 904 quales
265 836 359 893 eodem
372 852 497 894 sermono
509 835 653 903 describit;
667 835 714 893 sed
726 836 782 907 jam
794 846 943 894 venerunt:
1031 839 1143 895 Cll‘lll
1160 840 1206 895 ll.
1220 872 1255 882 —
1266 841 1311 897 bri.
1331 841 1410 913 Signa
1423 861 1481 916 quae
1494 846 1519 900 in
1534 846 1676 919 Evangelio
1694 846 1782 904 luitura

158 936 191 979 to
213 939 261 994 per
280 924 332 983 noe
354 927 381 982 in
398 926 549 982 nouissimis
561 927 724 997 temporibus
735 927 944 984 videmnrotiam
997 928 1119 996 praedicta
1132 939 1201 994 suut,
1222 930 1290 985 siem
1308 944 1498 987 commemorat
1514 934 1645 992 ὃιιιειίιεε
1668 945 1724 1003 tua,
1738 953 1783 993 se·

157 1028 206 1083 ner
219 1014 291 1084 ipsos
304 1013 340 1071 de
351 1015 406 1072 line
419 1015 510 1071 saecnli
520 1016 692 1071 commoneri.
703 1014 821 1085 ltemque
833 1015 894 1070 alibi
904 1016 946 1071 di·
996 1016 1110 1070 cunilam
1126 1018 1221 1073 Lucam
1236 1018 1310 1091 (luc.
1325 1036 1380 1083 xxi,
1396 1023 1485 1092 7-55),
1500 1024 1593 1078 eulem
1606 1033 1668 1080 sunt
1682 1034 1780 1083 securi·

157 1116 232 1170 oens,
247 1101 305 1158 Boe
319 1113 403 1159 aulem
415 1104 512 1172 scitote,
525 1103 644 1177 quonium
661 1105 689 1159 in
707 1104 846 1160 novistimis
859 1104 945 1160 diebus
995 1107 1058 1161 dom
1076 1107 1224 1163 blatthmnm
1236 1108 1246 1183 (
1258 1110 1348 1164 llotdn
1373 1128 1446 1177 xxiv,
1471 1114 1482 1167 l
1501 1111 1567 1183 lt).
1587 1123 1614 1169 et
1634 1115 1780 1170 securrdmn
1865 1098 1868 1103 ’

157 1192 285 1248 nouom
298 1202 410 1265 lourporo
422 1210 498 1259 roeoa,
512 1194 565 1261 vol,
579 1194 647 1249 siant
659 1195 705 1248 alii
717 1192 822 1250 codices
835 1194 942 1263 liaberet,
995 1196 1110 1251 limeum
1123 1197 1218 1266 (blora
1234 1200 1303 1269 ειιι).
1319 1201 1349 1253 lli
1359 1201 1430 1255 enirn
1444 1213 1498 1256 tros
1511 1212 1618 1256 tramant
1632 1220 1691 1274 quur
1703 1204 1780 1259 dixe·

157 1285 297 1354 poiculom
308 1285 423 1341 :deinde
431 1286 518 1356 qualia
529 1285 615 1343 lutura
623 1285 677 1341 sint
685 1286 849 1356 exprimens,
862 1284 943 1341 Erunt
995 1286 1178 1357 sitdominus,
1193 1305 1253 1345 oum
1268 1291 1444 1359 interrogatus
1457 1300 1527 1346 esset
1539 1310 1552 1344 a
1564 1293 1701 1362 discipulis
1710 1294 1777 1362 suis,

156 1375 224 1428 euim
244 1374 367 1440 beminen,
383 1375 477 1446 inquit,
491 1376 586 1445 seipsos
597 1384 718 1439 amariter,
730 1383 853 1429 miratores
867 1390 943 1445 peru-

156 1465 216 1530 ru'or,
229 1464 298 1530 oboli,
311 1466 422 1536 rupmbi,
439 1464 587 1535 blasphemi,
600 1464 743 1536 perentibus
759 1481 809 1518 uon
829 1464 943 1519 obedieu-

156 1561 203 1620 ιιι,
213 1555 316 1625 inmoti,
332 1555 438 1621 trebati,
450 1554 593 1626 irreliqiosi‚
606 1555 661 1610 sine
672 1554 812 1621 offertione,
825 1557 944 1609 detracto·

155 1659 206 1710 ιιι,
220 1644 411 1713 incontinenter,
427 1645 544 1710 immites,
555 1645 608 1699 siue
619 1645 777 1715 beuiqnitote.
791 1644 940 1715 proditores,

155 1750 283 1807 potores,
297 1736 394 1801 coron,
406 1736 562 1806 voluptatum
574 1743 697 1788 orrrotorrs
709 1736 788 1805 utaqia
798 1750 872 1805 quom
885 1732 940 1800 oet,

155 1825 273 1879 babentes
287 1826 394 1897 syenem
406 1826 515 1896 pietatis,
528 1825 643 1878 uirtutem
657 1833 739 1877 auton
751 1825 804 1893 ejus
818 1822 944 1894 obueqou·

157 1922 203 1971 tea.
215 1914 308 1969 blirum
322 1915 344 1969 si
358 1916 424 1971 tales
436 1915 558 1971 homiues
575 1913 714 1984 aliqnando
728 1914 876 1968 doluerunt,
891 1914 942 1970 lle·

157 2010 235 2079 nique
247 2009 309 2080 quia
323 2019 350 2067 ot
364 2017 426 2065 tune
439 2018 524 2070 erant.
539 2007 658 2078 adjungit
670 2022 701 2061 ae
714 2005 787 2072 dicit,
799 2005 833 2060 Et
843 2006 888 2060 bos
899 2005 943 2060 rie·

156 2099 216 2153 aito.
232 2098 275 2155 Eo
289 2099 329 2154 bia
347 2100 414 2155 euim
432 2107 489 2155 runt
507 2100 550 2172 qui
571 2107 700 2170 penetrant
713 2098 809 2151 domna.
823 2096 880 2151 Non
894 2096 941 2164 ait,

156 2185 346 2254 Penetrabnnt‚
360 2196 485 2259 tauquam
506 2194 534 2243 ει
552 2186 595 2242 hie
616 2185 731 2242 buturum
751 2186 941 2255 praenuntians,

155 2276 225 2333 siout
236 2278 436 2348 supradixerat,
448 2276 581 2333 lustobnut
597 2286 708 2345 temporo
723 2273 880 2345 perietrloro‚·
895 2273 942 2329 sed

156 2366 203 2431 nit,
225 2364 361 2421 Peuotront
379 2366 477 2431 domos,
498 2375 521 2421 et
539 2366 650 2436 captiuos
669 2365 764 2417 ducum
784 2363 943 2417 rrmlr'eroulor

157 2454 191 2527 (ll
207 2454 272 2510 Tim.
286 2471 325 2525 nr,
338 2457 414 2527 bot:
425 2471 476 2511 non
488 2458 535 2523 ait,
550 2456 661 2521 oeream,
676 2455 727 2522 vol,
742 2453 846 2509 ducturi
863 2462 940 2521 sunt;

156 2546 277 2617 sed‚jam
288 2547 392 2603 ducunt.
431 2542 437 2554 ’

191 2635 236 2692 25.
250 2636 304 2693 Nee
319 2636 449 2706 perardus
464 2644 504 2691 est
515 2637 567 2693 noe
580 2636 648 2700 loeo,
661 2652 708 2707 pro
724 2636 850 2706 temporis
861 2634 942 2689 lutari

157 2726 254 2794 verbis,
274 2728 411 2796 prasentia
433 2727 559 2796 tenqmris
573 2726 651 2781 verba
673 2726 807 2794 qrrrsnisse;
823 2723 942 2794 quermo-

155 2815 262 2885 qnidem
276 2816 335 2871 illos
345 2816 378 2871 ab
388 2831 420 2872 oo
431 2816 473 2871 eni
488 2816 590 2879 scribit,
604 2815 696 2869 evitari
709 2813 878 2869 admonebat.
888 2810 942 2866 Nee

157 2914 244 2961 larrten
256 2905 351 2961 lrustra
359 2905 439 2971 dixit,
450 2904 631 2959 bonoriuimir
643 2904 729 2958 diebus
742 2901 869 2958 irritabant
877 2909 942 2955 teut-

156 3010 219 3064 poro
240 2998 432 3067 pauculorum
444 2997 506 3051 ltine
518 3010 548 3051 ea
563 2993 710 3065 periculosa
729 2992 814 3049 lutura
832 2991 943 3047 demen-

156 3093 244 3139 strans
257 3085 323 3140 mles
336 3084 458 3140 homines
478 3083 579 3139 laturos
593 3096 652 3137 esse
669 3080 800 3151 praedixit,
816 3080 867 3134 uisi
880 3080 942 3150 qnia

158 3181 229 3229 tanto
253 3178 341 3244 plures
363 3183 454 3238 errant.
479 3175 614 3244 magisque
635 3172 822 3235 abundabunt,
843 3178 943 3239 equanto

157 3264 241 3333 inagis
261 3265 451 3335 propinquatur
471 3263 506 3317 ad
529 3262 619 3316 briem.
643 3261 767 3317 Violentus
790 3275 853 3329 ergo
877 3260 942 3314 tales

158 3367 227 3409 arone
240 3352 385 3423 abnudrme.
399 3352 450 3408 Sed
462 3350 534 3422 quid,
546 3351 569 3404 si
579 3349 785 3404 abundantiores
798 3357 874 3403 erunt
885 3356 944 3416 narsi

157 3457 217 3510 uos,
231 3451 259 3498 et
272 3443 381 3498 omnino
400 3440 618 3499 abundantissimi
640 3439 745 3510 qnando
762 3441 817 3508 jam
836 3440 943 3508 jaurque

158 3533 215 3602 ipse
229 3531 290 3587 linis
302 3532 419 3598 instabit,
432 3532 476 3602 qni
491 3529 615 3602 quamdiu
628 3528 714 3584 aberit
726 3530 877 3599 ignoratur?
890 3529 944 3583 llo·

158 3620 259 3677 nissimi
270 3622 366 3693 qnippe
378 3621 434 3678 dios
449 3621 511 3677 dicti
526 3626 597 3683 sarit,
613 3628 639 3673 et
653 3618 680 3672 in
693 3618 757 3689 ipsis
771 3618 944 3689 primisdpo-

157 3711 286 3765 stolorum
300 3709 406 3776 diebus.
421 3725 481 3765 curn
495 3708 601 3764 Domini
615 3708 643 3763 in
655 3708 752 3763 eoelnm
766 3721 859 3763 recens
873 3716 943 3762 esset

158 3815 294 3869 aseensus,
310 3801 416 3871 qnando
435 3801 479 3856 die
501 3801 671 3856 Pentecostes
691 3799 762 3854 misit
784 3797 943 3870 promissum

157 3889 285 3960 Spiritum
299 3899 429 3959 sanetum,
445 3899 473 3945 et
494 3889 600 3961 quidam
621 3889 761 3959 stupebant
781 3888 943 3943 admirantes

158 3980 262 4049 eosqui
276 3979 372 4050 linguis
385 3994 452 4051 quas
463 3995 516 4036 oon
529 3977 685 4045 didicerant,
696 3977 878 4048 loquebantur,
888 3976 944 4046 qni·

158 4069 219 4126 dam
231 4086 295 4127 voro
307 4072 457 4139 irridentes,
470 4079 558 4127 musto
571 4070 664 4140 plenos
675 4085 734 4125 osse
745 4070 876 4124 dicebant.
885 4068 949 4135 Quo

157 4161 201 4214 die
212 4161 306 4217 Petrus
319 4163 428 4230 loquens
441 4162 474 4217 ad
487 4163 546 4218 illos
559 4161 604 4231 qui
617 4161 651 4216 de
664 4161 713 4215 hue
725 4177 754 4216 ιε
767 4162 839 4217 rar-io
850 4175 942 4216 moro·

158 4250 273 4308 bantur:
285 4252 345 4307 Nou
359 4253 426 4307 enim
437 4253 512 4317 nour,
526 4252 621 4322 inquit,
634 4252 806 4323 auspicamini,
818 4250 879 4306 ebrii
886 4259 944 4305 aaut

156 4339 210 4405 tm,
220 4355 277 4393 oum
291 4341 324 4394 rit
338 4341 400 4394 bora
414 4341 463 4394 diri
475 4341 557 4395 tertio.
570 4339 622 4395 seo
636 4341 755 4394 otterrdite
766 4340 884 4409 quoniam
897 4341 944 4395 lroo

158 4427 272 4498 ettqttod
284 4429 378 4482 dietum
390 4438 426 4483 ιιι
444 4446 488 4500 per
505 4430 663 4499 prophetam,
684 4429 741 4482 Erit
757 4430 784 4482 iu
805 4429 944 4483 nouissimis

159 4516 255 4581 diebus,
269 4516 329 4569 dicu
347 4515 480 4581 Dorrtinus.
496 4517 625 4583 efformem
643 4518 674 4570 tle
688 4516 787 4586 Spiritu
802 4532 855 4571 meo
868 4534 944 4587 torpor

157 4622 257 4661 ornnem
269 4622 380 4673 earnem,
396 4618 448 4663 oto.
464 4608 531 4678 (Act.
546 4623 576 4673 ιι,
593 4610 617 4672 l,
633 4609 688 4679 li).

192 4695 237 4761 nt.
257 4694 315 4750 barn
342 4705 404 4752 tuuc
429 4711 494 4767 orgo
513 4706 588 4752 erant
604 4698 661 4752 dies
673 4698 823 4763 rrovrsslmi3
846 4708 944 4768 quanto

157 4785 242 4857 magis
257 4799 338 4849 nuno,
356 4786 459 4841 etiamsi
475 4795 574 4841 toruum
591 4786 692 4842 diorum
716 4788 843 4842 remamir
862 4802 944 4857 usque

157 4877 185 4931 in
199 4875 289 4941 finem,
303 4883 429 4945 quantum
444 4875 476 4929 ad
492 4875 561 4930 tinne
572 4876 640 4931 dioro
651 4891 666 4930 a
677 4876 780 4931 Doroird
790 4877 944 4932 assensione

158 4973 317 5021 transactum
330 4973 382 5029 est,
395 4966 436 5020 vel
446 4965 544 5036 aliquid
556 4966 613 5020 siro
625 4966 711 5020 nriuus
721 4975 804 5020 restet
816 4965 871 5020 sire
884 4980 944 5020 am·

158 5055 245 5125 nlius?
258 5055 328 5126 quod
344 5056 462 5127 prolecto
475 5056 617 5121 nescimus,
633 5057 693 5127 quia
706 5064 810 5113 nonest
824 5066 944 5112 nostrum

158 5145 227 5200 seire
240 5154 360 5218 tempora
372 5147 414 5202 rel
426 5156 570 5214 momenta,
585 5162 644 5216 quae
662 5146 740 5201 Pater
753 5147 843 5215 posuit
856 5146 882 5200 in
896 5162 944 5201 sua

996 1374 1101 1445 quando
1113 1376 1198 1432 lntnra
1218 1389 1307 1433 essent
1322 1395 1381 1449 qum
1401 1380 1434 1435 do
1448 1379 1538 1449 templi
1558 1382 1700 1437 aversione
1712 1396 1781 1452 prae·

995 1466 1106 1535 dixerat,
1122 1477 1150 1522 et
1166 1469 1236 1538 quod
1246 1471 1349 1539 signum
1363 1479 1434 1526 esset
1448 1470 1575 1526 adrentus
1589 1472 1658 1541 eiius,
1674 1481 1702 1527 ot
1714 1485 1782 1527 con-

995 1558 1177 1613 sommationis
1201 1559 1304 1615 sarculi.
1323 1559 1380 1614 Non
1394 1561 1465 1615 eriim
1478 1561 1628 1630 discrepant
1650 1560 1740 1625 rebus,
1757 1560 1782 1615 sl

995 1647 1063 1701 alins
1076 1645 1174 1716 aliquid
1185 1648 1248 1702 dicit
1261 1648 1331 1718 quod
1342 1648 1409 1702 alins
1423 1658 1501 1712 tacet.
1518 1659 1563 1703 ant
1581 1649 1633 1703 ulio
1648 1648 1727 1703 morlo
1740 1650 1782 1702 di·

994 1735 1049 1791 eil:
1066 1739 1148 1806 magis
1162 1747 1249 1791 nortem
1263 1737 1356 1791 collata
1376 1738 1486 1793 invicem
1505 1738 1607 1807 jurant,
1623 1745 1651 1791 nt
1669 1737 1780 1806 legentis

996 1825 1144 1881 intellectus
1159 1837 1273 1897 regatur.
1297 1827 1350 1882 Sed
1368 1827 1536 1882 demonibus
1554 1828 1688 1898 disputare
1708 1842 1780 1883 nuno

994 1916 1100 1989 longum
1115 1927 1165 1973 est.
1179 1917 1402 1987 interrogamilms
1416 1919 1485 1973 euim
1497 1919 1660 1973 Doruiunsea
1672 1934 1781 1989 resnou·

994 2005 1042 2072 dit,
1056 2022 1114 2077 qum
1125 2007 1179 2077 jam
1193 2024 1224 2063 ex
1236 2009 1280 2062 illo
1291 2017 1411 2077 ιειιηιιιιε
1423 2008 1524 2063 inerant
1534 2016 1666 2075 secutura,
1676 2009 1731 2062 siro
1745 2010 1784 2067 de

995 2094 1098 2150 excidio
1105 2095 1261 2159 ierusalem¹
1274 2096 1343 2151 unde
1354 2105 1411 2151 orta
1426 2109 1466 2152 ost
1477 2098 1558 2167 insius
1566 2097 1779 2167 interrogationis

994 2185 1112 2249 occasim
1134 2186 1190 2241 sire
1208 2186 1242 2241 de
1256 2186 1368 2239 adrenu
1381 2202 1429 2241 suo
1440 2202 1487 2257 per
1504 2187 1658 2253 Ecclesiam,
1680 2188 1705 2241 in
1726 2203 1776 2256 qua

995 2288 1077 2344 nsque
1091 2273 1123 2327 ml
1135 2274 1212 2328 linem
1229 2275 1318 2330 neurim
1332 2292 1384 2329 mm
1403 2285 1510 2330 cessat:
1533 2276 1558 2328 in
1574 2276 1628 2328 suis
1644 2276 1715 2330 enim
1734 2292 1779 2331 ve-

994 2362 1070 2417 niens
1083 2363 1242 2433 agnoscitur.
1258 2364 1320 2417 dum
1335 2365 1392 2432 ejus
1405 2363 1522 2432 quodidie
1535 2364 1651 2419 membru
1663 2380 1779 2420 nuscum·-

996 2460 1055 2518 tur;
1070 2453 1164 2523 dequo
1178 2456 1290 2506 urlventn
1303 2456 1349 2517 ait,
1369 2455 1465 2508 drrrodo
1478 2453 1590 2507 uidebitis
1615 2452 1711 2508 Filium
1731 2456 1778 2508 bo·

994 2543 1069 2597 ruinis
1077 2544 1210 2596 seruientem
1223 2544 1248 2596 iu
1258 2544 1362 2595 trabibus
1371 2541 1474 2614 (blottlr.
1487 2558 1561 2606 xxti,
1569 2541 1614 2612 dt)
1626 2542 1782 2611 :dequibus

994 2632 1107 2686 nubibus
1133 2632 1233 2686 dictum
1257 2643 1297 2686 εει
1323 2647 1369 2700 per
1394 2635 1559 2703 nroquietum,
1580 2631 1708 2686 blondobo
1729 2648 1778 2685 uu-

994 2718 1065 2773 bibur
1083 2719 1143 2773 reteri
1161 2735 1192 2773 uo
1210 2718 1298 2790 pistoru
1316 2736 1391 2789 stupor
1411 2736 1465 2773 eom
1482 2722 1491 2790 (
1506 2719 1569 2774 lsoi.
1592 2736 1625 2787 ι,
1648 2719 1685 2791 d)
1701 2738 1706 2775 :
1721 2721 1779 2775 sive

993 2809 1028 2864 de
1042 2810 1100 2879 ipso
1114 2810 1176 2875 bure,
1200 2811 1226 2865 in
1245 2825 1298 2879 qno
1320 2811 1457 2880 apparebit
1477 2812 1551 2866 viros
1567 2811 1731 2881 judieamrns
1751 2817 1779 2865 ot

994 2907 1123 2953 mortuos.

1029 2989 1074 3045 26.
1088 2990 1152 3043 Cum
1168 2990 1256 3059 itaque
1271 2989 1344 3061 signa
1357 2990 1437 3054 dieat,
1453 3008 1511 3060 qum
1523 2992 1555 3045 ad
1570 2993 1618 3045 ista
1633 2992 1680 3045 tria
1697 2990 1779 3060 perti-

995 3088 1068 3145 tent,
1080 3080 1167 3146 idest,
1179 3080 1212 3134 ad
1227 3079 1359 3134 exridinm
1371 3079 1439 3134 illins
1450 3081 1579 3145 civitatis;
1591 3079 1624 3134 nd
1637 3080 1779 3133 adrentum

994 3169 1053 3238 ejus
1064 3170 1091 3223 in
1105 3185 1217 3239 corporo
1232 3184 1289 3233 suo,
1301 3170 1370 3241 qnod
1385 3179 1426 3225 εει
1438 3170 1559 3226 Ecclesia
1569 3188 1577 3237 ;
1588 3170 1621 3224 ad
1636 3168 1777 3224 adrentum

995 3261 1051 3329 ejus
1063 3262 1088 3314 in
1104 3262 1190 3331 capite
1205 3262 1340 3328 Εεειεείιε,
1355 3260 1426 3331 qood
1444 3268 1485 3316 εει
1504 3261 1561 3330 inse
1583 3258 1674 3329 :quod
1686 3274 1779 3313 eorunm

994 3351 1129 3420 signorrun
1142 3351 1176 3405 ad
1188 3352 1258 3418 equirid
1272 3351 1365 3406 luorum
1377 3352 1456 3406 trium
1470 3350 1637 3405 miserendum
1657 3349 1701 3415 sit,
1721 3349 1781 3402 dili-

995 3440 1066 3509 qnnti
1078 3440 1289 3495 eorosidoratione
1312 3440 1472 3497 sortiendum
1492 3450 1542 3504 εει,
1569 3456 1602 3495 ne
1624 3439 1691 3495 lorte
1710 3440 1779 3505 quod

995 3528 1153 3599 pertinetad
1166 3530 1331 3584 eversionem
1352 3528 1509 3595 berrrsalom,
1536 3530 1568 3583 ad
1590 3529 1669 3583 durem
1692 3530 1780 3584 sarnll

995 3616 1163 3673 referendum
1178 3627 1318 3689 poloruns;
1332 3629 1376 3674 oirt
1389 3635 1404 3674 o
1418 3621 1550 3674 contrario
1563 3620 1632 3689 qnod
1646 3620 1678 3674 ad
1701 3620 1780 3675 louein

995 3707 1085 3761 surculi
1098 3709 1220 3775 pertinet,
1229 3707 1392 3762 alllrrnenms
1403 3708 1435 3763 ad
1444 3709 1558 3763 civitatis
1568 3708 1637 3763 illins
1648 3708 1779 3763 excidium

996 3797 1143 3867 nertinorm
1157 3806 1202 3850 mu
1223 3799 1291 3866 quod
1312 3798 1428 3867 pertinet
1449 3799 1481 3854 ad
1505 3797 1562 3869 ajon
1587 3798 1730 3853 adrentum
1753 3800 1780 3854 in

994 3902 1177 3954 commemo,
1190 3887 1260 3957 qnod
1278 3896 1319 3943 ost
1329 3887 1456 3955 Ecclesia,
1469 3888 1589 3943 dieamus
1604 3889 1735 3959 pertinere
1747 3889 1780 3944 ad

995 3977 1053 4048 ojus
1066 3977 1205 4031 adveutum
1220 3977 1392 4033 riorissiunun
1408 3979 1434 4032 in
1451 3993 1563 4047 eoqmro
1577 3992 1635 4045 ειιο,
1649 3978 1719 4050 quod
1739 3989 1781 4035 εει

996 4077 1075 4138 eaput
1096 4067 1237 4134 Eccleslae3
1253 4078 1299 4123 aut
1313 4084 1404 4122 rursus
1426 4068 1496 4139 quod
1510 4069 1624 4139 nor-linet
1636 4070 1668 4125 ad
1684 4069 1781 4125 arbren-

996 4165 1052 4211 tum
1064 4156 1122 4227 ejus
1134 4156 1305 4211 norissiumm
1322 4174 1370 4226 ner
1381 4158 1507 4227 seipsinn,
1523 4159 1555 4212 ad
1570 4174 1631 4212 enm
1647 4160 1780 4228 pertinere

995 4259 1181 4302 assereremus
1192 4245 1332 4301 adrentum
1345 4246 1388 4315 qni
1401 4255 1443 4302 εει
1454 4263 1500 4317 ner
1516 4248 1670 4303 Ecclesiam.
1685 4249 1713 4303 lu
1723 4251 1781 4318 qni-

996 4334 1045 4390 bus
1059 4335 1181 4389 omnibus
1199 4344 1260 4388 snm
1274 4335 1393 4403 quadam
1411 4335 1560 4404 uraerilesta,
1575 4335 1695 4406 qnondam
1716 4352 1782 4392 roro

996 4423 1035 4478 sio
1048 4422 1171 4489 obscura,
1191 4430 1222 4478 ut
1243 4423 1284 4478 rel
1299 4424 1458 4479 laboriosum
1473 4425 1508 4480 sit
1520 4441 1550 4480 ea
1568 4425 1722 4495 dijudicare,
1736 4428 1779 4482 vel

995 4511 1176 4577 tentorarium,
1188 4512 1314 4582 quamdiu
1327 4527 1379 4566 non
1393 4514 1624 4585 intelliguntur,‚‹lo
1633 4515 1674 4573 liis
1681 4516 1781 4588 aliquid

995 4601 1116 4659 doliture

1030 4692 1075 4745 Ἡ.
1094 4689 1159 4758 eris
1171 4691 1241 4748 enim
1256 4707 1309 4746 nou
1323 4692 1410 4748 uidem
1420 4693 1453 4748 ud
1468 4694 1537 4751 illam
1550 4694 1682 4750 civitatem
1695 4697 1779 4764 nerti-
1853 4716 1857 4721 ·

996 4794 1061 4837 nere
1074 4779 1145 4851 qnod
1158 4781 1257 4834 dictum
1271 4790 1322 4845 ost,
1335 4779 1398 4837 Cum
1409 4792 1492 4836 aurem
1509 4784 1617 4838 videritis
1629 4784 1781 4841 cbeurudori

996 4871 1146 4925 absterrito
1158 4869 1312 4938 latialem,
1327 4881 1385 4927 tuuc
1398 4873 1486 4928 oritate
1498 4875 1557 4945 quio
1570 4876 1781 4946 appropinquarit

997 4959 1117 5014 desolatio
1130 4961 1184 5031 ejor
1197 4959 1271 5031 (buo.
1286 4976 1343 5028 nr,
1352 4961 1416 5033 boll
1428 4964 1493 5019 ltem
1505 4964 1564 5035 quis
1577 4980 1631 5021 noo
1645 4965 1732 5021 videat
1744 4967 1778 5023 ad

996 5050 1137 5105 adrentum
1150 5051 1254 5107 Domini
1265 5053 1435 5109 norusimnm
1449 5055 1581 5124 pertinere
1594 5055 1664 5126 qnod
1679 5055 1779 5112 dietum

997 5153 1048 5211 est,
1062 5142 1245 5200 combiberitis
1263 5144 1317 5199 bore
1330 5146 1394 5214 fieri,
1407 5147 1494 5201 rritoto
1506 5148 1624 5218 quoniam
1644 5164 1722 5217 prope
1744 5157 1781 5204 rat

159 5243 309 5303 potestate:
324 5251 384 5291 eorm
398 5246 488 5291 miuron
501 5237 623 5300 sciamus,
641 5235 830 5291 mnorissimis
843 5243 946 5305 tenqm-
976 5249 1103 5305 aequum
1116 5232 1182 5289 blei?
1194 5233 1259 5290 lllnd
1274 5244 1362 5291 numm
1372 5230 1443 5305 qood
1459 5237 1557 5292 dictum
1575 5245 1625 5302 ost,
1647 5236 1691 5292 Vae
1712 5254 1781 5307 pro·

159 5321 242 5387 ribus,
265 5323 292 5377 in
307 5326 456 5381 auarissimis
470 5325 573 5388 diebus,
589 5326 615 5379 iu
640 5325 784 5401 norissima
807 5325 871 5380 bora
897 5341 946 5382 om
997 5326 1163 5398 quontibnaet
1176 5327 1342 5383 mutuantibus
1353 5328 1380 5382 iu
1398 5326 1449 5382 tttte
1460 5328 1556 5382 diebus.
1568 5328 1648 5382 llrote
1660 5338 1743 5383 autem
1753 5336 1781 5382 nt

159 5427 248 5485 agere,
263 5414 332 5470 sicut
346 5417 483 5486 Apostoli3
498 5417 547 5473 sed
571 5417 654 5471 multo
674 5415 758 5487 magis
779 5417 824 5488 qni
838 5415 947 5473 luerunt
997 5433 1048 5472 nou
1061 5418 1106 5486 fiot
1120 5417 1181 5487 {uqa
1193 5428 1274 5473 mtto
1288 5418 1368 5473 binam
1382 5418 1421 5474 net
1430 5420 1543 5474 robboto.
1559 5418 1615 5474 Erit
1632 5422 1699 5477 erum
1721 5428 1779 5475 toul

161 5513 220 5574 nost
234 5504 292 5560 illos
302 5515 432 5576 antenor,
445 5516 473 5562 et
483 5507 566 5562 multo
575 5506 659 5578 maglo
669 5520 728 5571 nos,
739 5507 945 5578 etmagisqnam
997 5506 1126 5563 ratetum
1138 5524 1241 5579 unoquo,
1254 5507 1336 5579 quatio
1345 5524 1396 5564 uon
1409 5508 1457 5579 [uit
1470 5509 1501 5563 ob
1511 5509 1582 5564 initio
1592 5509 1689 5579 mund,
1703 5524 1779 5580 name

160 5596 263 5669 nosqui
279 5604 356 5655 orant
377 5606 436 5668 post
456 5612 516 5669 nos,
535 5597 621 5657 donee
642 5597 674 5654 ul
690 5597 748 5655 illos
766 5599 885 5655 veniatur
899 5602 945 5673 qai
997 5594 1104 5666 boemie
1112 5605 1152 5651 εει
1163 5597 1425 5667 oositnmteonndmn
1433 5595 1594 5665 martimum,
1603 5607 1627 5649 er
1637 5597 1779 5659 meandum
