3906 6390
244 220 295 289 ¹⁰5

242 343 312 396 irruo
327 343 445 400 maranus
458 341 552 382 notiore
569 341 609 380 nte
622 324 731 396 diqnor¹;
747 324 805 392 quin
820 330 843 376 te
857 338 903 392 pro
916 332 959 375 tna
973 336 1031 374 raa·

243 427 328 480 stitute
344 431 410 476 certo
430 419 496 484 ecio,
512 434 570 471 nam
583 418 685 471 neritute
699 416 777 486 rapis,
792 431 841 469 non
857 415 909 467 alta
922 428 1031 483 sapere,

242 518 286 568 sed
312 510 447 565 brertriiibns
468 524 614 580 eoraqruere.
640 505 750 577 ideaque
774 514 888 575 prompte
906 514 928 559 et
948 503 1033 557 intintc

241 615 398 674 recepturum
416 617 489 670 spero
510 599 657 653 citaritetcm
670 597 819 651 irunriiitatir
832 606 941 661 nostrae,
956 611 1032 665 qnam

242 699 341 762 arridan
357 696 416 767 jam
438 697 560 765 recepisse
579 704 603 748 te
625 709 671 764 per
691 692 861 747 beatissimum
878 691 1032 746 sacerdotem

241 786 361 857 Alypium
383 785 453 854 (quio
473 784 604 855 dieantur)
620 794 717 852 patrem
737 792 862 847 nostram,
878 782 988 850 corrfido.
1005 781 1034 837 lr

240 876 307 929 enim
318 875 372 930 sitae
385 874 460 928 dubio
483 872 514 927 de
531 890 559 928 se
579 874 626 928 tibi
644 871 786 942 exemplum
801 872 907 942 prebuit
918 888 964 925 nos
976 879 1034 925 orne

241 966 358 1021 notitiem
372 974 395 1018 et
406 980 484 1034 mpro
497 964 611 1018 meritum
629 963 761 1033 diliqeudi
775 963 818 1032 qni
833 962 971 1032 incoquitur
986 961 1033 1015 sibi

241 1075 297 1123 nos,
308 1067 332 1111 ct
347 1057 484 1127 lonqinquo
503 1056 551 1110 soii
564 1056 602 1110 uel
614 1056 661 1110 mii
676 1054 861 1123 intercapedine
873 1056 1032 1123 disparatos,

241 1150 332 1219 spiritu
347 1164 412 1203 uerte
427 1148 584 1215 dilectionis,
599 1148 641 1219 qui
655 1147 746 1217 ubique
758 1154 780 1200 ct
795 1154 906 1215 pertetrat
916 1154 939 1197 et
952 1143 1034 1209 risun,

242 1240 321 1303 ditur,
335 1249 359 1295 et
374 1239 456 1293 uidere
469 1237 596 1309 diiiqeudo
618 1237 709 1309 potuit,
728 1245 752 1289 et
773 1234 923 1304 alloquendo
936 1234 1032 1303 pertiu-

241 1349 308 1402 pere.
323 1332 372 1386 ilie
384 1332 455 1387 nobie
471 1332 553 1402 prium
564 1328 669 1396 affectam
687 1328 726 1382 sati
739 1327 902 1390 decorticata,
913 1335 937 1379 et
947 1324 1032 1378 cleeri-

243 1423 301 1477 tetir
322 1431 372 1476 tute
390 1422 496 1493 piqnoro
506 1421 532 1474 iu
544 1420 689 1491 aripradieto
702 1417 779 1488 dique
796 1433 899 1471 accurrere
912 1415 1033 1470 librorum

242 1513 363 1568 deditlit
376 1522 470 1584 qnarrto
484 1511 579 1566 studuit
592 1510 728 1582 impendio,
743 1517 770 1562 at
785 1507 949 1562 Serretitatcm
963 1517 1033 1561 trram

242 1620 294 1658 non
309 1605 388 1675 ipsine
401 1613 497 1658 tacitum
511 1603 599 1666 aeriis,
614 1601 657 1657 red
670 1601 769 1672 plenim
784 1601 922 1672 eloquentia
939 1610 962 1653 et
981 1600 1033 1667 tide

243 1705 286 1748 tuu
299 1695 423 1764 coquimur
438 1709 488 1747 noa
501 1708 628 1763 possemm
638 1707 724 1746 aratore
736 1690 892 1744 mediocriter
904 1698 1032 1757 tarnoprre

241 1799 343 1838 curasse
358 1784 472 1838 erarrnlent
486 1782 621 1847 eredimus,
635 1789 661 1834 ut
673 1797 719 1834 uos
732 1780 837 1834 uicissim
852 1780 932 1848 ipsine
945 1778 1031 1831 imita·

242 1876 310 1928 tione
332 1874 468 1943 plurimum
489 1873 592 1945 diiipos.
614 1870 702 1926 Gratia
717 1868 766 1924 Dei
779 1880 869 1932 recurre,
891 1878 918 1922 ut
939 1878 985 1931 est,
1006 1867 1031 1920 in

241 1975 363 2020 ceternum
386 1975 486 2019 neonem
503 1973 636 2036 optamus,
659 1967 738 2036 prater
758 1963 783 2015 iu
804 1960 903 2016 Ciuisto
923 1959 1031 2013 Dorrrino

239 2055 368 2127 inanitate,
382 2054 540 2117 uenerabilis,
561 2051 788 2107 desiderantissime
801 2065 810 2103 .·
824 2058 902 2102 totam
917 2047 1029 2112 clericatur,

240 2156 264 2199 ct
277 2133 377 2199 orrtrreni
391 2145 516 2208 ouantem,
532 2153 555 2197 ct
568 2141 741 2198 mrtrniatorem
757 2140 784 2193 iu
806 2138 915 2191 Dorrtino
937 2138 1030 2189 serenti·

239 2236 298 2289 totis
310 2244 371 2302 tuoe,
386 2234 495 2305 plurimo
510 2234 677 2306 fraternitatis
690 2232 816 2286 uirorumue
828 2231 967 2284 salutamus
988 2231 1030 2299 cq-

239 2328 316 2395 [ectn.
330 2322 428 2379 Panem
441 2341 528 2389 aanor,
544 2340 617 2394 qncnr
628 2322 800 2376 urrotrirnitatis
814 2320 906 2374 indicio
918 2319 1031 2373 rnisiurns

238 2414 355 2468 cbamtnti
370 2422 430 2482 trra,
445 2430 563 2485 roqancns
580 2413 726 2483 accipiendo
741 2411 881 2466 lerrcdicas.

453 2547 616 2605 artsronn
637 2542 721 2604 artu
742 2544 815 2618 qq.

240 2659 395 2732 depranam
406 2655 546 2712 Licerrtimu
554 2658 671 2728 ,iuuerunt
684 2653 791 2709 nobilem
799 2663 822 2707 et
832 2652 941 2720 doctum,
953 2669 1032 2725 quou-

275 2743 1029 2820 donripsiusdiscipulum,irortaturadnmndicorrtenqmon,

274 2841 378 2896 obruens
392 2839 426 2894 ad
438 2841 484 2895 boc
494 2838 574 2910 ipsius
587 2834 692 2892 Licentii
703 2835 821 2901 cornicine,
838 2835 905 2906 qaod
917 2835 951 2887 ad
963 2850 1030 2904 prae-

274 2945 400 3004 ceptorem
414 2933 557 3003 scripserat.

482 3054 604 3096 aternum
623 3051 795 3094 incusamus.

275 3157 301 3210 l.
325 3154 373 3209 lia
394 3153 481 3222 reperi
495 3151 661 3206 occasionem
677 3147 809 3203 scribendi
824 3147 888 3211 tibia
904 3146 962 3215 tuus
974 3161 1033 3200 ere·

238 3245 300 3300 dat?
315 3243 368 3300 Sed
377 3239 441 3298 tuibi
458 3254 544 3296 tanmn
559 3241 706 3296 licentium
725 3252 834 3293 neeesse
853 3247 894 3293 est
910 3237 1028 3292 credere.

239 3337 307 3392 Nolo
320 3345 345 3392 te
358 3351 451 3391 causas
467 3335 637 3404 rationesque
649 3331 751 3394 rimari,
768 3346 826 3401 qum
839 3330 942 3385 etiamsi
958 3330 1029 3384 reddi

238 3438 357 3499 possent,
368 3428 427 3483 lidei
440 3436 538 3490 tannen,
550 3440 601 3495 qna
617 3423 680 3478 mibi
695 3423 792 3487 credis,
809 3438 861 3475 non
876 3437 921 3476 eas
934 3421 1028 3477 debeo.

239 3522 304 3578 Nam
330 3531 356 3577 et
380 3522 480 3576 litteras
496 3528 553 3574 trias
566 3534 619 3573 non
636 3532 683 3587 per
700 3531 746 3572 eos
767 3514 873 3585 accepi,
896 3532 942 3584 per
962 3528 1029 3584 qnos

238 3629 344 3684 possem
358 3615 455 3682 scripta
468 3611 618 3666 redhibere.
635 3609 700 3677 Qun
713 3619 799 3661 autem
815 3608 901 3676 petisti
918 3618 945 3662 ιιι
958 3618 1029 3676 pete·

238 3719 313 3765 rem,
333 3702 422 3756 curari
448 3716 495 3769 per
517 3700 656 3769 epistolum
681 3710 807 3767 «plantum
831 3697 1027 3766 prnmeudmu¹

238 3792 395 3853 ridebatur3
420 3789 466 3844 scd
492 3789 554 3858 qnid
575 3787 758 3843 elieeerimtu
779 3785 887 3840 rideris.
909 3786 984 3852 Quod
1007 3789 1028 3840 si

236 3882 354 3937 nondum
371 3880 493 3935 ellectum
514 3887 565 3943 est,
588 3878 631 3932 rel
653 3893 713 3932 enm
728 3878 824 3939 sciero,
837 3893 912 3947 agam
928 3878 1028 3930 instan-

237 3974 300 4040 tius,
313 3974 354 4027 rel
367 3987 426 4025 eum
441 3984 533 4025 rursus
553 3970 609 4038 ipse
628 3967 807 4022 atlumuueris.
825 3967 957 4021 Hactenus
971 3983 1029 4035 qnae

237 4066 315 4135 bojas
330 4064 391 4118 ritae
405 4062 509 4116 rinenla
533 4068 711 4130 perstrepunt,
737 4068 822 4114 tecum
839 4059 941 4112 tarentas
956 4060 1004 4113 sint
1021 4078 1027 4114 :

235 4170 306 4210 tinne
328 4153 417 4224 paucis
439 4153 528 4222 accipe
547 4150 660 4220 pectoris
684 4149 737 4203 mci
758 4158 838 4203 aestus
860 4149 893 4204 de
915 4164 962 4219 spe
985 4158 1028 4202 tna

235 4261 289 4307 non
312 4243 480 4311 transitoria,
499 4258 615 4315 quonam
636 4241 717 4299 modo
733 4241 775 4296 ria
799 4242 845 4296 tibi
866 4251 982 4312 patescat
1001 4242 1028 4296 in

235 4334 330 4390 [lcum

270 4424 298 4477 Ξ.
322 4423 356 4479 lli
378 4423 497 4491 licenti,
521 4423 602 4478 etiam
618 4431 698 4492 atque
716 4423 795 4479 etiam
816 4433 981 4479 recusantem
1001 4434 1028 4480 et

232 4514 421 4571 terminantem
448 4514 591 4584 compedes
618 4515 763 4584 sapientia,
792 4517 920 4580 timente
947 4518 1027 4572 rebus

233 4605 394 4659 ritortalibus
408 4604 570 4659 validissime
583 4612 610 4660 et
624 4605 848 4674 perniciosissime
869 4606 1026 4676 etrnrpediri.

234 4695 300 4750 Nam
318 4696 447 4766 sapientia
461 4710 527 4766 quas
540 4696 625 4765 primo
635 4696 791 4765 alligaverit.
801 4698 1026 4752 eierareiuutnriis

230 4783 391 4854 quibusdam
407 4784 539 4840 laboribus
551 4784 714 4846 edomuerit.
730 4785 809 4839 solor
822 4796 912 4855 postca
922 4788 943 4852 ¹,
958 4786 1024 4842 libe-

231 4876 351 4948 ratisque
374 4892 435 4932 sese
458 4876 539 4933 donat
561 4876 595 4932 ad
621 4876 779 4943 fruendarum
803 4888 830 4932 et
851 4893 917 4950 qnos
940 4880 1025 4948 primo

232 4971 423 5041 temporalibus
444 4970 555 5025 nexibus
579 4969 731 5037 erudiverit,
760 4978 818 5040 post
840 4971 946 5025 uternis
966 4988 1023 5026 ama

234 5061 356 5130 pleribus
375 5060 479 5130 alligem
494 5076 546 5131 qno
560 5060 667 5116 rinenlo
681 5076 731 5116 nec
751 5062 894 5132 jttertndins
910 5078 958 5119 uec
976 5077 1022 5118 sn·

263 5195 272 5226 ¹
286 5201 339 5245 ttss.
353 5203 412 5250 tres.
424 5193 560 5258 petendam.
577 5192 619 5242 alii
631 5193 759 5256 plerique,
770 5195 934 5258 praetendam.

261 5254 338 5363 inim·
359 5256 554 5318 quatuordecim,
574 5253 645 5305 eoiret
661 5261 779 5319 postca...
801 5255 952 5319 carptoribus
972 5257 1024 5307 ailr-

227 5325 268 5425 ’.α’
291 5351 354 5445 tinne
372 5376 553 5426 emendarimus
566 5390 612 5439 oque
628 5375 684 5426 cdd.
704 5390 727 5426 a.
746 5378 788 5440 bg.
807 5378 842 5426 bl.
857 5377 898 5425 bn.
911 5391 932 5427 e.
946 5391 981 5427 ee.
997 5379 1021 5428 il.

226 5447 257 5544 {r
271 5448 342 5544 ssqvo'qj'
362 5433 379 5482 l.
392 5449 417 5483 n.
429 5449 452 5485 r.
470 5452 491 5487 a.
510 5441 547 5487 sb.
563 5448 582 5488 t.
597 5451 634 5489 rc.
650 5439 689 5489 td.
702 5441 811 5502 quinque
825 5453 849 5487 r.
863 5447 888 5487 et
903 5449 952 5487 nm.
968 5441 1021 5490 mat.

257 5536 294 5616 (a)
307 5532 369 5605 alias
379 5556 427 5605 39:
441 5570 496 5619 quae
507 5567 589 5608 aretem
600 5558 631 5609 ‘26
642 5570 703 5620 erat,
717 5574 780 5610 num
794 5562 844 5610 lie.
857 5565 946 5624 scripta
960 5561 1023 5613 sorte

232 5625 330 5669 nauale
342 5628 372 5668 aa
393 5618 440 5671 app
462 5627 487 5669 et
505 5622 577 5670 anua
588 5633 642 5671 etun
654 5636 678 5685 eq
687 5624 754 5675 istola
766 5631 895 5687 seqarente.

858 204 886 263 S.
906 200 1088 263 AUGUSle'l
1109 202 1259 260 Ettstut‘t

1834 212 1889 270 idi

1089 320 1167 373 lidius
1179 321 1287 390 eogitari
1296 322 1441 392 quidquam
1452 329 1546 391 protest.
1555 320 1642 377 Prima
1657 322 1714 378 liae
1728 324 1880 395 aliquanta·

1088 409 1141 463 lum
1152 410 1217 465 dura
1226 426 1285 466 esso
1293 412 1434 478 canineam
1449 412 1492 466 illa
1502 427 1564 467 vero
1572 413 1663 468 ultima
1673 430 1722 469 nec
1730 415 1796 471 diua
1804 417 1869 472 dire

1088 500 1149 566 rim,
1157 502 1217 570 troia
1225 501 1376 557 dulcissima
1384 510 1461 568 snrn;
1473 519 1523 559 nec
1532 505 1701 576 mollia,quiu
1712 505 1865 564 firmissima

1088 590 1151 660 qnid
1166 591 1244 661 igitar
1257 592 1306 647 nisi
1320 593 1389 663 quod
1402 593 1452 651 diei
1468 609 1520 650 non
1535 604 1629 666 potest,
1642 597 1689 652 sed
1704 599 1778 654 credi
1792 609 1883 657 tanuen

1087 694 1115 736 et
1125 685 1225 752 sperari
1238 691 1265 738 et
1276 686 1360 739 astrati
1374 687 1479 755 potem?
1495 686 1605 742 Vincula
1619 703 1683 744 rcro
1695 689 1774 760 bajus
1787 694 1883 755 mundi

1085 775 1256 845 asperitatem
1283 776 1382 832 babent
1410 789 1520 846 reram,
1543 779 1737 849 iucunditatem
1763 781 1883 853 ialsam;

1085 875 1188 921 eertum
1201 867 1336 934 dolorem,
1356 868 1484 924 incertam
1499 871 1677 942 roiuptatem;
1693 873 1790 930 durum
1807 876 1883 933 labo·

1086 957 1281 1021 renouandam
1300 959 1433 1028 quietem:
1454 975 1510 1016 rem
1529 963 1634 1031 plenam
1656 965 1786 1031 miseriae,
1803 978 1881 1038 spem

1086 1048 1255 1104 beatitudinis
1274 1052 1390 1106 inauem.
1411 1051 1492 1108 llisrre
1518 1061 1545 1108 ιιι
1570 1055 1666 1111 inseris
1689 1066 1718 1113 et
1737 1058 1839 1115 collum
1852 1070 1882 1116 et

1085 1155 1181 1197 manus
1204 1151 1230 1197 et
1254 1141 1353 1211 pedes,
1382 1157 1442 1197 cum
1469 1153 1497 1199 et
1520 1144 1668 1202 bonoribus
1694 1147 1881 1220 hujuscemodi

1085 1231 1220 1302 subjugari
1239 1232 1356 1297 allectas,
1378 1242 1406 1288 et
1424 1233 1495 1288 taeta
1516 1244 1560 1290 tna
1578 1251 1631 1291 tran
1647 1238 1725 1294 aliter
1742 1239 1880 1298 fructuosa

1085 1323 1237 1387 existimas,
1252 1331 1280 1377 et
1291 1324 1376 1377 arrrbis
1389 1322 1529 1391 inherere,
1551 1341 1604 1397 quo
1619 1343 1671 1382 non
1687 1329 1768 1386 modo
1779 1331 1879 1387 inrita-

1087 1422 1143 1478 tus,
1165 1418 1211 1467 sed
1232 1428 1280 1469 nee
1294 1415 1446 1484 mrnrpalsus
1460 1415 1567 1486 quidem
1583 1418 1622 1473 ire
1635 1419 1772 1475 debuisti?
1788 1422 1839 1478 llie
1851 1433 1881 1480 tu

1086 1503 1198 1559 lormsse
1211 1504 1366 1560 'lercntlani'
1375 1506 1446 1561 serri
1461 1507 1527 1562 mibi
1542 1522 1698 1579 resqronsum
1711 1510 1820 1569 dederis
1834 1532 1844 1572 ι

1177 1615 1237 1675 obe,
1249 1625 1275 1667 tu
1286 1618 1360 1668 rerba
1371 1616 1451 1668 tundis
1460 1619 1501 1670 bie
1510 1621 1641 1683 sapientia!

1402 1702 1540 1765 (meldim
1550 1704 1576 1755 in
1585 1704 1722 1771 fimbriis.)

1084 1802 1155 1874 Cape
1172 1804 1250 1875 igitur
1266 1805 1414 1862 utluudam
1429 1808 1608 1880 potiusquam
1624 1811 1768 1868 effundam.
1784 1815 1839 1872 Αιιι
1854 1817 1878 1873 si

1084 1909 1133 1964 ego
1154 1907 1248 1962 canto,
1272 1905 1299 1952 tn
1314 1909 1400 1953 autem
1415 1900 1448 1954 ad
1464 1901 1543 1955 aliam
1558 1916 1649 1957 rocem
1663 1904 1760 1972 saltas,
1778 1923 1828 1962 nee
1840 1909 1879 1965 aie

1084 1986 1189 2055 quidam
1204 2004 1246 2042 ure
1256 1990 1375 2057 praenitet.
1388 1991 1473 2046 llabet
1482 1993 1551 2047 enim
1563 2007 1636 2047 sitam
1646 1993 1805 2051 bilaritatem
1818 1999 1874 2068 ipsa

1083 2077 1214 2143 esurientia,
1229 2080 1308 2133 etiam
1323 2095 1383 2135 cartu
1395 2081 1428 2135 ad
1443 2097 1501 2136 cam
1517 2083 1635 2138 nternbra
1650 2099 1701 2140 non
1716 2098 1815 2156 rueret,
1832 2092 1875 2145 cni

1084 2166 1160 2235 piem
1176 2169 1311 2225 clun-itatis
1323 2172 1502 2229 urarduintione
1514 2183 1644 2230 castratur.
1659 2177 1743 2232 l'orba
1754 2180 1877 2249 quaedum

1084 2259 1110 2312 in
1129 2260 1248 2328 epistolis
1270 2262 1321 2316 tnis
1343 2278 1387 2318 ano
1409 2276 1564 2330 rrrorerum,
1583 2267 1630 2320 sed
1644 2268 1678 2322 de
1693 2268 1882 2340 lustrat-uum

1083 2363 1143 2402 eum
1164 2350 1291 2406 laetantum
1312 2353 1424 2425 rituque
1440 2356 1518 2411 tulius
1533 2367 1583 2411 tun
1596 2373 1658 2413 curn
1673 2371 1820 2432 excoquat,
1835 2363 1881 2418 iu·'

1084 2446 1173 2508 eptam
1186 2441 1283 2510 putari.
1882 2444 1886 2450 ’

1153 2582 1255 2625 corana
1267 2575 1302 2638 (a)
1316 2574 1412 2627 tirentii
1421 2577 1454 2627 ad
1466 2578 1621 2642 Arrqautiman
1632 2589 1814 2648 preceptorem.

1115 2676 1139 2725 ii.
1152 2685 1267 2725 arcannm
1279 2679 1389 2727 terronis
1401 2679 1447 2728 iter
1457 2680 1586 2731 scrutando
1597 2681 1707 2743 proirrndi

1114 2744 1180 2787 Martis
1191 2739 1274 2799 ltebet,
1286 2740 1461 2801 aduersumque
1473 2743 1534 2804 lugit
1544 2744 1674 2792 morienna
1688 2743 1777 2795 mecca.

1114 2807 1161 2848 tice
1172 2800 1271 2859 nurum,
1284 2802 1350 2862 jacet
1360 2802 1437 2849 onnus
1449 2804 1514 2852 enim
1526 2815 1580 2851 ntea
1591 2816 1648 2852 enm
1660 2805 1758 2868 legendi

1114 2868 1147 2909 'to
1159 2875 1206 2910 rann
1217 2861 1290 2912 clarite
1301 2875 1406 2920 ιιιιιιιιιιιι,
1420 2870 1446 2912 et
1458 2876 1608 2926 eorumquae
1618 2867 1669 2916 solu
1684 2878 1793 2919 veretur.

1114 2929 1170 2970 uam
1180 2923 1250 2971 sienni
1262 2932 1289 2973 ut
1301 2938 1352 2985 per,
1363 2923 1418 2973 lexa
1429 2925 1474 2973 riri
1485 2926 1625 2987 oortqreudia
1636 2928 1696 2976 tanti

1114 2983 1216 3033 l'olrere
1227 2986 1302 3035 suasu
1313 2999 1389 3042 artior,
1401 2998 1532 3048 suetnsquc
1546 2988 1668 3049 adiungere
1679 3002 1776 3050 senstrs,

1113 3046 1169 3101 turris
1179 3050 1307 3095 urrannenlm
1317 3046 1386 3095 dedit
1397 3045 1439 3094 ille
1450 3053 1528 3104 tanes.
1537 3049 1701 3112 nruntlmtnque
1712 3053 1817 3104 marulo

1114 3109 1229 3156 tr'ssaruit
1240 3120 1340 3166 mirere,
1352 3113 1378 3156 et
1393 3106 1481 3168 rarilas
1492 3116 1585 3181 agitare
1596 3110 1711 3173 choreas,

1116 3169 1231 3228 implicuit
1245 3171 1308 3217 rania
1320 3175 1428 3217 trostmar
1441 3168 1546 3227 ealigine
1558 3177 1651 3231 proetus,

1114 3230 1256 3293 induxitque
1267 3232 1346 3278 attinio
1358 3243 1440 3278 rorum
1452 3230 1565 3280 ricluntia
1577 3233 1676 3282 notram.

1115 3291 1171 3340 lade
1184 3291 1314 3353 tignuarnm
1326 3292 1415 3362 pensitas
1429 3292 1482 3341 sine
1494 3291 1596 3354 pulnere
1608 3296 1695 3344 lortius
1782 3328 1786 3333 -

1114 3361 1186 3402 roseo
1197 3359 1289 3410 arrianis,
1302 3351 1408 3414 abasque
1420 3361 1508 3414 graues
1519 3353 1615 3404 oileudo
1627 3358 1752 3408 tenebras.

1113 3414 1145 3461 nd
1156 3428 1272 3464 strtrnnmn
1286 3419 1305 3471 ¹,
1314 3421 1432 3462 astrorum
1443 3426 1526 3463 causas
1536 3414 1662 3478 clarusque
1673 3428 1777 3482 necatus

1112 3476 1230 3524 tolotanos
1240 3488 1342 3537 aperierunt
1355 3473 1396 3523 ille
1407 3476 1468 3524 sittts
1479 3488 1522 3538 per
1533 3476 1615 3526 ntdtila
1625 3488 1750 3533 multumt.

1112 3537 1149 3585 sie
1156 3537 1220 3598 jac-m
1233 3543 1327 3593 irritans,
1341 3544 1369 3585 nt
1379 3534 1453 3585 talem
1464 3537 1561 3586 onrrrino
1572 3539 1674 3599 ruinam,

1111 3604 1159 3646 nec
1169 3601 1211 3661 qui
1222 3612 1266 3647 nos
1277 3599 1387 3658 probibet
1398 3597 1504 3647 laternas
1514 3611 1649 3661 agnoscere
1659 3600 1724 3665 calb

1113 3665 1159 3706 uec
1171 3672 1273 3720 precisum
1284 3659 1354 3707 daret
1365 3664 1500 3707 ittnctorutn
1511 3660 1573 3708 irata
1585 3663 1704 3713 cauernis.

1113 3726 1195 3767 rrotea
1208 3732 1270 3768 nanu
1279 3733 1311 3767 ne
1323 3719 1404 3769 lerum
1416 3727 1527 3768 veterum
1538 3731 1674 3773 ιοιιιιιιοιιιι
1684 3724 1821 3790 belesmum,

1113 3781 1155 3836 utu
1163 3782 1221 3830 dum
1231 3780 1266 3829 sol
1279 3781 1341 3829 icitia
1351 3793 1399 3829 non
1411 3780 1463 3830 rult
1473 3782 1570 3842 aperire
1580 3781 1670 3845 lutura,

1112 3849 1207 3903 spirarum
1218 3854 1231 3890 a
1243 3857 1286 3899 rer⁹
1299 3842 1351 3890 llnit
1361 3841 1433 3900 arada,
1446 3843 1527 3892 irernit
1538 3843 1592 3905 leo,
1603 3846 1685 3896 sibilat
1694 3850 1791 3912 anquis,

1112 3911 1207 3964 tastum
1219 3916 1232 3950 a
1244 3903 1345 3974 iquando
1356 3910 1437 3952 marren
1449 3904 1474 3952 in
1485 3917 1586 3954 nrtuacrn
1597 3919 1669 3968 parra
1683 3907 1815 3961 nolum-mn.

1112 3971 1140 4013 nt
1151 3965 1217 4023 mibi,
1228 3977 1269 4026 qm
1279 3964 1377 4012 ninnium
1388 3965 1452 4013 carris·
1463 3967 1613 4027 grarioribus
1624 3980 1709 4030 angor,

1112 4026 1191 4075 nulein
1202 4038 1307 4088 utraeque
1320 4027 1422 4086 anianae,
1434 4026 1559 4076 subdulcia
1570 4029 1657 4091 pabula
1667 4044 1765 4094 quaero,

1113 4088 1222 4136 varronis
1232 4098 1349 4148 responsa
1360 4084 1444 4136 latent.
1457 4089 1522 4146 Quod
1533 4090 1641 4152 supplice
1652 4100 1722 4142 matta

1112 4149 1247 4199 t‘raesidinm
1259 4149 1416 4210 rrpmpbanuc
1428 4162 1513 4211 rogem
1526 4157 1552 4199 et
1562 4152 1659 4201 llumiua
1674 4155 1789 4215 poscam?

1112 4220 1145 4259 ιιι
1157 4217 1182 4261 te
1194 4223 1254 4259 soce
1265 4223 1358 4269 rocem,
1368 4208 1425 4259 clari
1437 4224 1511 4273 quem
1522 4219 1602 4262 rector
1612 4212 1703 4277 uiynrpi

1111 4273 1224 4321 Fontibus
1235 4270 1351 4320 inlautum
1363 4272 1480 4333 praeierit,
1493 4279 1519 4322 et
1529 4273 1610 4323 abdita
1617 4275 1689 4335 jussu

1111 4335 1224 4383 ubertate
1235 4334 1307 4381 animi
1322 4332 1395 4394 longe
1405 4341 1501 4383 ructare
1512 4335 1621 4386 fluenta?

1110 4400 1180 4443 berto
1191 4396 1306 4458 nragister
1317 4407 1397 4456 opem,
1409 4407 1437 4443 ae
1449 4403 1475 4444 tu
1486 4403 1512 4444 tu
1524 4408 1556 4446 nc
1567 4396 1657 4446 desere
1668 4399 1735 4449 rires

1111 4456 1234 4514 trrralidas,
1243 4468 1389 4517 naeenmqnc
1400 4468 1480 4506 sacras
1490 4459 1637 4508 subvertere
1647 4459 1734 4523 pletas

1110 4519 1189 4590 tneipe
1201 4531 1207 4566 :
1221 4525 1316 4580 tcnqns
1327 4518 1401 4576 cirini,
1413 4518 1458 4565 nisi
1470 4532 1510 4568 me
1521 4519 1630 4568 mortalia
1640 4519 1733 4577 talium,

1109 4580 1213 4636 intutae,
1226 4580 1249 4627 in
1261 4578 1406 4640 seniumque
1417 4579 1498 4629 trabit.
1511 4581 1562 4629 tibi
1573 4586 1657 4631 noster
1667 4582 1750 4645 Apella

1109 4641 1182 4689 conia
1199 4654 1235 4701 req
1244 4638 1289 4699 let,
1303 4646 1447 4702 patremque
1458 4654 1527 4691 suum
1539 4649 1682 4705 patremque
1692 4644 1795 4693 deorum

1109 4702 1229 4760 conciliat,
1241 4700 1373 4765 longamque
1383 4702 1477 4762 imnum,
1489 4715 1622 4765 precemque
1632 4712 1759 4755 cruentant

1110 4770 1229 4822 ιιοιιειιιι,
1241 4771 1267 4813 ct
1278 4761 1380 4813 abducto
1390 4764 1511 4814 relmnine
1522 4763 1616 4827 singula
1638 4766 1717 4816 audit.

1110 4826 1195 4883 riainti
1208 4837 1322 4874 enrensns
1332 4835 1387 4873 nam
1396 4823 1480 4888 longos
1491 4824 1588 4874 forsitan
1598 4839 1626 4876 or

1108 4886 1168 4937 sotis
1182 4899 1245 4946 eras,
1257 4900 1312 4936 cnm
1323 4893 1349 4935 te
1359 4887 1421 4935 ratio
1432 4886 1593 4948 qrrtleberrima
1603 4888 1695 4949 mundi,

1109 4950 1182 4999 bilior
1193 4949 1309 5011 imperiis,
1322 4953 1348 4996 et
1359 4954 1457 4998 nectare
1473 4947 1564 4997 dulcior
1575 4949 1640 4999 omni

1107 5010 1232 5073 corripuit,
1243 5011 1376 5081 statuitque
1388 5020 1484 5071 tagum,
1496 5009 1626 5074 medioque
1637 5006 1732 5069 lemnii,

1108 5073 1221 5121 omnibus
1231 5072 1296 5121 urtde
1308 5083 1386 5120 aetem
1396 5083 1481 5131 posses
1492 5070 1620 5121 intendere
1631 5071 1715 5121 rebus.

1107 5136 1210 5194 ottone,
1220 5147 1292 5196 carpe
1304 5135 1351 5181 iter
1362 5144 1487 5191 annornm,
1502 5132 1621 5194 sapientia
1631 5140 1748 5204 quantum

1107 5197 1197 5245 erescit
1207 5207 1289 5244 amore
1300 5194 1346 5253 sni,
1359 5194 1487 5242 inveniens
1498 5206 1559 5242 nora
1570 5193 1675 5244 culmina
1684 5204 1792 5256 semper.

1107 5263 1152 5305 tter
1170 5270 1184 5305 e
1199 5257 1261 5305 riam
1271 5267 1319 5317 qua
1330 5262 1356 5304 te
1369 5255 1467 5304 solmles
1477 5254 1592 5318 praeclara
1602 5257 1707 5305 meantis

1107 5270 1230 5373 marrineio,
1242 5325 1357 5366 sternens
1367 5316 1392 5363 in
1403 5315 1486 5376 planos
1497 5316 1570 5367 ardua
1580 5330 1684 5380 campros.

1106 5385 1132 5428 nt
1142 5391 1196 5427 earm
1208 5379 1321 5428 luciferos
1335 5378 1465 5440 precordia
1477 5391 1567 5440 vesper
1579 5381 1603 5429 in
1612 5386 1681 5430 ortas

1106 5439 1238 5499 nistnlerit,
1249 5448 1406 5502 sanetunrque
1417 5452 1492 5503 super
1502 5440 1661 5494 benedixerit·
1669 5441 1762 5505 ignem,

1108 5565 1115 5595 ¹
1130 5570 1182 5612 uss.
1197 5569 1258 5618 tres,
1270 5563 1404 5613 odsramom.
1416 5570 1466 5615 non
1478 5559 1553 5616 note.

1106 5625 1142 5689 (a)
1154 5625 1215 5675 alias
1225 5623 1328 5687 epistota
1340 5638 1378 5675 xa.
