3906 6390
224 198 278 264 bid

225 316 283 374 dre
297 324 327 372 ut
338 313 395 387 ipss
409 321 496 385 potrus
508 311 594 379 nosti,
616 312 714 385 aliquid
727 313 850 386 ambigis.
865 315 945 372 Vides
964 317 1016 373 ita·

225 418 279 479 que
290 403 373 461 iidem
385 413 466 466 taam,
480 402 555 459 sides
566 402 757 459 dubitationem
772 414 854 471 turam,
867 405 942 462 vides
956 413 1016 461 stu·

225 496 299 552 diurn
316 505 389 551 tutam
400 494 614 565 voluntatemque
632 493 771 560 discendi;
792 496 1017 551 etcuanauctori·

226 595 279 643 tate
299 586 388 642 diviua
411 587 542 642 aaaovearis
563 585 597 641 ad
618 586 752 643 credenda
775 603 834 658 quae
856 603 908 642 non
923 588 1017 655 vides,

225 679 283 736 isac
297 689 324 736 te
340 688 427 736 tamea
441 679 551 735 credere
564 679 749 735 incunctanter
763 676 857 735 vides:
879 677 1017 736 distribuis

222 779 251 829 st
263 772 395 828 discernis
406 771 463 827 iaec
475 771 575 827 omnia.

258 857 372 920 catut
386 862 551 919 xiii-ii.
566 862 634 918 Num
647 877 712 934 ergo
724 862 757 917 iis
770 863 856 919 oculis
867 863 955 920 cordis
968 864 1015 931 tui,

223 952 319 1026 quihus
333 953 390 1009 irasc
402 953 493 1008 orinia
512 969 575 1008 vera
588 962 616 1008 et
629 961 702 1008 certa
714 967 773 1028 esse
785 952 937 1020 contueris,
956 953 1016 1009 tibi·

223 1052 277 1120 'qus
290 1046 431 1118 praeseutia
444 1045 611 1100 invisibiliter
623 1045 798 1118 cernisatque
808 1046 948 1112 discernis,
961 1046 1017 1102 ulio

223 1135 305 1194 inodo
326 1149 472 1207 corporeos
490 1136 583 1191 oculte
597 1135 786 1206 comparabis?
810 1151 871 1192 curn
886 1137 966 1192 etiarn
981 1137 1016 1193 de

223 1224 289 1300 ipsis
301 1228 381 1283 rebus
393 1226 541 1282 visibilibus
554 1241 613 1297 quae
623 1227 798 1297 corporalium
810 1226 945 1282 oculorum
959 1227 1017 1282 acie

222 1317 420 1390 quodammodo
433 1317 584 1384 radiantur,
604 1325 633 1374 et
654 1317 687 1373 de
700 1318 764 1389 ipsis
777 1319 915 1389 corporeis
929 1319 1015 1374 oculis

221 1424 368 1481 corumque
380 1410 453 1478 acie,
467 1410 666 1481 qualiscumque
687 1420 714 1464 ct
735 1419 947 1482 quantacumque
961 1412 1013 1479 sit,

221 1510 349 1573 quantum
363 1500 442 1556 distet
454 1501 487 1556 ab
500 1500 694 1566 invisibilibus,
709 1517 761 1556 raon
771 1502 1013 1570 excellentioribus,

220 1594 406 1665 quibusetiam
420 1595 428 1626 ¹
443 1608 495 1649 noa
507 1592 572 1649 visis
583 1593 662 1648 iidem
675 1591 774 1659 debes,
789 1593 838 1648 sed
853 1594 890 1649 ab
909 1595 941 1648 iis
955 1610 1015 1665 quae

222 1684 447 1751 commemorari,
467 1699 528 1757 quas
540 1700 593 1740 non
608 1685 695 1740 credis
715 1686 857 1754 absentia,
877 1685 924 1742 sed
947 1701 1015 1756 prm·

221 1775 309 1832 sentia
322 1784 411 1831 mente
423 1774 567 1840 contueris,
582 1790 634 1830 noa
645 1774 738 1831 iisdem
750 1775 814 1847 ipsis
823 1777 910 1830 carnis
918 1775 1013 1841 oeulis,

221 1867 269 1925 sed
291 1867 344 1924 iilis
366 1867 536 1924 interioribus
554 1867 669 1936 judices.
695 1867 761 1923 Cum
783 1881 846 1939 ergo
870 1865 1012 1923 interiores

220 1957 291 2016 deuii
308 1956 413 2028 judices
427 1943 484 2016 >siat
497 1958 636 2014 oculorum
651 1958 836 2024 exteriorum,
861 1957 904 2012 isti
925 1965 1014 2012 autern

220 2047 274 2106 illis
287 2048 401 2119 quadarn
415 2048 503 2104 oliieio
515 2047 654 2103 nuuiiaadi
667 2055 695 2103 et
711 2046 859 2103 ministerio
881 2045 1012 2101 iantulen·

221 2149 274 2210 tttr,
285 2141 420 2212 multaque
430 2139 648 2211 iiiivideantquac
657 2139 699 2195 isti
708 2138 876 2206 conrident,
888 2138 953 2193 nibil
969 2138 1014 2194 isti

219 2230 347 2298 videant,
367 2229 438 2285 unde
461 2243 514 2285 non
529 2229 568 2285 ilii
590 2239 713 2300 tanquam
735 2228 864 2300 presides
875 2229 1011 2300 judicent:

220 2322 280 2394 quis
301 2337 354 2378 non
374 2323 434 2378 iilos
452 2323 511 2379 istis
528 2322 729 2395 incomparabili
750 2321 928 2380 estimatione
942 2336 1013 2394 pra·

220 2413 319 2486 pocati

255 2502 300 2559 εἰ.
317 2501 382 2570 Quae
394 2517 455 2559 curn
469 2502 505 2559 ita
524 2505 593 2569 sint,
608 2503 720 2559 obsecro
734 2511 777 2570 te,
799 2519 859 2560 curn
880 2504 967 2576 agitur
985 2504 1013 2560 in

219 2594 304 2666 islpsa
317 2596 369 2652 hoc
381 2604 434 2650 tam
446 2596 547 2666 grande
557 2597 708 2666 negotium
722 2611 783 2653 cum
795 2598 828 2651 ab
836 2596 1014 2652 exterioribus

220 2685 348 2745 interiora
362 2685 516 2758 distinguis,
531 2695 611 2757 atque
625 2687 668 2742 ilia
681 2687 739 2743 istis
753 2686 924 2744 ineffabiliter
937 2693 1015 2743 ante⁴

220 2775 318 2850 ponis3
333 2791 447 2848 cumque
462 2777 520 2833 istis
533 2777 598 2833 loris
610 2778 725 2846 relictis,
740 2777 768 2833 in
781 2778 833 2834 iliis
852 2778 1014 2834 intrinsecos

222 2868 385 2937 dcatoraris,
399 2876 427 2925 et
439 2882 470 2925 ea
483 2868 540 2925 suis
553 2868 710 2940 quibusdam
726 2867 938 2940 incorporalibus
952 2868 1013 2925 lini·

221 2957 415 3028 bumetiendo
427 2957 547 3030 judicas,
563 2960 589 3014 in
602 2959 673 3014 navita
686 2967 713 3016 te
726 2966 820 3030 putas,
835 2975 869 3016 aa
883 2959 912 3016 in
924 2961 1013 3033 aliqua

221 3047 284 3108 lars
296 3049 416 3107 versarii
436 3049 493 3122 ligo
511 3050 583 3106 enim
597 3049 721 3108 existimo
732 3051 803 3124 qood
823 3060 897 3110 tanta
915 3052 964 3109 tibi
985 3061 1013 3111 ei

222 3142 301 3213 talia,
322 3151 377 3201 mm
399 3152 482 3212 rora,
501 3153 556 3200 tara
573 3144 664 3211 clara,
681 3152 737 3201 um
754 3153 828 3204 certa
848 3146 934 3204 videri
955 3147 1014 3204 sina

220 3235 283 3294 iace
294 3250 348 3293 aon
362 3244 482 3308 possunt.
497 3236 583 3307 ipsam
603 3235 685 3309 igitur
702 3236 790 3293 iucem
803 3235 830 3293 in
851 3252 903 3309 qua
917 3245 1012 3295 cuncta

219 3325 266 3383 illa
280 3325 427 3398 perspicis,
449 3326 568 3391 intuere;
591 3335 619 3382 et
632 3324 692 3381 vide
703 3333 792 3381 utrtam
805 3324 838 3382 ad
850 3340 910 3382 esna
928 3325 1014 3398 possit

220 3417 348 3476 medere
356 3418 623 3498 uiiuseerporcorum
631 3416 867 3474 radiusocuiorum
877 3435 884 3474 ε
893 3417 1014 3489 proiecto

220 3523 274 3568 aaa
286 3518 384 3583 potest.
395 3509 509 3567 Attende
521 3509 601 3567 etiam
611 3526 619 3576 ;
630 3519 659 3566 et
670 3517 759 3566 auum
770 3512 796 3566 in
809 3525 841 3566 ea
852 3509 945 3566 videas
959 3511 1013 3566 uiia

220 3599 340 3659 locorum
352 3600 436 3672 spatia
445 3599 488 3658 vei
501 3600 650 3668 intervalla,
657 3599 800 3671 responde.
811 3599 883 3658 Nibii
898 3598 933 3656 ibi
947 3600 1011 3666 talc,

220 3692 391 3761 atarbitror,
407 3691 526 3759 iuuenis,
546 3692 570 3746 si
584 3691 725 3762 vigilanter
736 3690 820 3762 abigis
846 3691 880 3747 ab
900 3698 1013 3762 aspectu

220 3783 315 3841 intimo
322 3781 450 3854 quidquid
461 3782 604 3854 imaginum
619 3781 797 3852 corporalium
810 3781 952 3837 exterioris
964 3779 1012 3835 bo·

219 3875 301 3933 ruinis
315 3889 409 3930 senato
428 3873 528 3930 iuverit
543 3890 551 3929 s
566 3873 614 3929 sed
637 3873 706 3928 lorte
726 3872 834 3928 diiiicile
855 3881 907 3927 est.
931 3871 1012 3928 irruit

215 3953 294 4020 'caim
305 3963 340 4020 de
349 3962 541 4020 consuetudine
552 3963 666 4018 carnaiis
679 3962 758 4028 rite,
778 3962 804 4017 in
821 3962 893 4033 ipsos
906 3977 1012 4032 qaoque

221 4052 366 4111 interiores
380 4052 473 4109 oculus
486 4052 562 4108 turba
576 4051 789 4123 phantasmatum
812 4052 840 4107 ia
860 4051 1013 4109 similitudi·

218 4144 300 4227 pibus
311 4159 452 4217 corporum
465 4162 473 4200 :
485 4144 527 4200 cai
540 4143 666 4201 resistere
681 4153 802 4208 certatus,
816 4144 909 4199 saitem
923 4151 1014 4198 aucto-

221 4239 301 4296 ritate
315 4237 403 4294 divina
416 4237 580 4306 exclamavi,
593 4236 687 4293 dolens
700 4236 727 4290 in
737 4236 783 4291 iiia
793 4235 866 4291 brevi
880 4235 1011 4306 epistola,

220 4337 250 4387 et
263 4328 317 4386 dixi
332 4346 340 4383 ι
356 4327 451 4392 Audiat
471 4345 532 4383 caro
549 4325 693 4383 carnotibus
715 4326 906 4399 cogitationibus
928 4325 1012 4395 ciria,

222 4422 399 4496 aSpt'rt'tssest
409 4421 497 4478 aaran
513 4421 608 4496 (Epist.
622 4421 667 4486 aa,
683 4437 711 4476 n.
724 4421 763 4494 li).
777 4420 868 4493 Neque
881 4421 952 4477 enim
962 4435 1012 4477 cu·

220 4513 345 4587 lasqmm
359 4513 444 4585 magis
458 4526 537 4583 quam
550 4511 629 4567 etiam
642 4510 725 4582 ipsam
747 4526 833 4566 meam
848 4519 964 4566 mentem
978 4511 1014 4566 ab

220 4604 373 4677 liujusmodi
387 4606 521 4670 vanitme,
533 4602 578 4659 iiia
592 4603 773 4675 increpatione
786 4603 948 4674 compescui.
961 4601 1012 4657 Fa·

220 4697 297 4754 cilius
308 4696 406 4769 quiippe
419 4697 579 4754 inclinamur
592 4695 625 4751 ad
639 4695 737 4765 solita,
752 4704 780 4752 et
791 4695 905 4750 amicum
915 4703 957 4751 est
969 4695 1013 4751 in··

220 4789 339 4847 firmitati
354 4791 477 4846 laamane
490 4788 588 4845 animae
601 4787 769 4860 corporalem
782 4787 1011 4845 conversationem

219 4882 353 4940 introrsus
364 4883 407 4939 vel
417 4883 523 4940 mittere
533 4881 576 4938 vei
591 4882 740 4948 admittere,
752 4896 805 4938 non
817 4881 861 4938 ubi
869 4895 933 4937 saraa
945 4896 1012 4938 con·

219 4975 312 5040 sistat,
327 4976 374 5032 sed
390 4975 434 5031 ubi
456 4972 580 5048 languida
600 4971 796 5047 quodammodo
815 4984 862 5030 aut
878 4974 1014 5030 incumbat

218 5078 265 5123 sut
278 5068 374 5139 jaaceat.

257 5159 303 5214 lb.
323 5158 437 5216 Proinde
453 5157 476 5214 si
489 5171 541 5214 noa
562 5166 637 5228 potes
648 5158 732 5214 aciem
746 5159 844 5214 mentis
856 5166 909 5212 tuae
921 5172 936 5211 a
951 5171 1013 5213 cor·

221 5263 363 5320 porsonam
377 5246 578 5304 similitudinum
592 5249 667 5320 quasi
683 5247 774 5303 nubilo
787 5247 927 5319 perspicue
940 5261 1012 5304 sere·

219 5350 302 5408 trare,
321 5356 367 5397 eas
380 5343 450 5413 ipsas
462 5342 531 5415 apud
544 5343 655 5414 teipsam
665 5342 805 5415 vigilanter
821 5341 929 5399 attende
945 5360 953 5398 :
969 5342 1012 5398 in·

220 5442 296 5488 tuere
304 5434 400 5490 coium
409 5444 435 5490 et
444 5434 700 5506 terramcogitando,
711 5435 1012 5506 sauronattsaoaporeis

250 5563 259 5596 ¹
271 5569 297 5636 ta
314 5563 419 5628 nugatts
436 5567 550 5628 babotm,
568 5567 654 5633 quilius
671 5567 744 5621 mam
754 5566 823 5620 noto
832 5581 879 5620 non
892 5569 954 5624 visis
969 5574 1013 5622 tx·

217 5635 348 5691 mximas
358 5641 442 5679 vocem
451 5629 528 5693 noma,
539 5644 594 5694 quae
605 5632 674 5682 alicu
685 5631 717 5682 ab
727 5627 818 5696 aliqum
828 5636 881 5682 its

829 192 860 260 B.
879 202 1061 264 lucustam
1081 204 1230 265 eviscovi

1811 210 1876 276 Oi!

1070 318 1206 377 cernendo
1225 322 1374 390 consvaestir
1394 338 1492 396 easque
1514 324 1642 397 imagines
1655 326 1716 383 <tali
1733 336 1762 384 et
1784 337 1871 388 terras

1070 423 1128 479 qaae
1141 418 1203 465 ante
1218 412 1310 468 ocarios
1324 415 1491 485 cogitationis
1504 416 1639 486 producte
1659 425 1736 482 sunt,
1749 419 1814 475 vide
1828 421 1868 476 si·

1069 500 1231 557 militudiues
1252 517 1394 574 corporum
1414 520 1488 573 esse,
1511 520 1563 561 non
1582 521 1705 577 corpora.
1732 507 1779 566 Sic
1800 524 1871 582 ergo

1068 591 1158 662 iudica
1173 603 1265 650 contra
1279 597 1390 667 teipsam
1403 613 1452 668 pro
1464 598 1567 670 teipsa,
1582 599 1605 654 si
1620 616 1673 655 non
1686 607 1763 672 petes
1775 603 1870 658 omni·

1068 680 1161 739 iuriam
1176 687 1354 756 corporalium
1370 687 1526 760 qualitatum
1539 690 1710 762 imaginarias
1719 691 1825 749 iormas
1834 693 1870 750 ab

1067 775 1125 830 acie
1138 782 1189 831 tuae
1202 777 1299 833 mesatis
1311 779 1432 849 abigere;
1450 788 1477 836 et
1491 781 1562 837 uude
1575 782 1689 838 vinceris
1700 823 1707 848 ,
1719 782 1783 839 indo
1797 798 1869 839 con·

1066 866 1154 921 vince.
1176 867 1266 938 iisque
1281 869 1352 924 enirn
1375 879 1431 935 est,
1446 878 1475 925 ut
1488 871 1600 940 opinor,
1623 872 1764 942 quisquam
1779 873 1865 928 etiam

1068 955 1167 1012 talibus
1179 955 1411 1029 imaginationibus
1428 960 1463 1015 ita
1474 960 1597 1027 deditus,
1612 970 1641 1015 at
1653 961 1745 1017 credat
1754 961 1794 1017 sic
1806 976 1869 1019 essa

1068 1046 1096 1102 iu
1119 1049 1247 1103 memoria
1266 1064 1332 1116 sua,
1347 1051 1389 1106 vei
1404 1052 1430 1106 in
1448 1051 1505 1120 ipso
1527 1061 1671 1122 conspeetu
1693 1051 1868 1122 cogitationis

1067 1153 1142 1205 suae,
1158 1139 1260 1207 soient,
1277 1140 1381 1207 lunam,
1396 1141 1498 1208 stelias,
1514 1155 1617 1208 aarum,
1632 1141 1715 1196 maria
1726 1183 1734 1208 ,
1745 1149 1865 1208 montes,

1067 1230 1165 1298 colles,
1180 1231 1270 1295 orbas,
1279 1232 1395 1302 parietes
1408 1232 1522 1302 denique
1533 1232 1627 1287 domus
1640 1245 1713 1298 suae,
1730 1231 1866 1288 veletiam

1067 1323 1179 1380 cubiculi
1194 1324 1250 1391 sui,
1264 1333 1292 1379 et
1303 1324 1429 1395 quidquid
1445 1339 1493 1394 per
1506 1324 1596 1380 oculos
1611 1321 1735 1393 eorporis
1746 1320 1804 1377 tale
1817 1336 1866 1377 co·

1065 1416 1157 1485 gnovit
1175 1424 1202 1470 et
1221 1424 1311 1480 terret,
1335 1425 1363 1470 ut
1376 1415 1495 1471 iocorum
1510 1415 1603 1485 spatiis
1622 1423 1702 1486 atque
1716 1414 1866 1470 intervallis

1066 1505 1123 1561 sive
1137 1513 1223 1573 stent,
1235 1507 1290 1561 sire
1303 1514 1469 1563 moveantur.
1486 1505 1569 1561 i’orro
1581 1505 1604 1560 si
1617 1518 1648 1560 ea
1662 1519 1722 1574 qnae
1736 1504 1762 1557 in
1772 1503 1868 1557 animo

1066 1605 1158 1653 nostro
1181 1606 1243 1653 sunt
1256 1599 1412 1669 corporibus
1434 1598 1553 1668 iocisque
1573 1597 1724 1664 simillima,
1749 1611 1805 1652 non
1822 1606 1865 1651 ta·

1065 1703 1126 1745 men
1141 1688 1259 1744 iocorum
1273 1689 1364 1759 spatiis
1377 1697 1458 1759 atque
1479 1688 1784 1752 ituibussoatineutur,
1812 1701 1867 1743 nec

1067 1777 1212 1835 intervallis
1235 1778 1363 1835 localibus
1376 1779 1403 1834 in
1423 1787 1513 1834 nostra
1535 1776 1665 1832 memoria
1679 1784 1863 1846 reponuntur;

1066 1879 1165 1941 quomo
1179 1870 1263 1942 tnagis
1276 1870 1320 1926 iila
1343 1885 1402 1941 quas
1421 1869 1521 1924 attaliam
1543 1875 1638 1940 gerunt
1659 1865 1864 1922 similitudinem

1066 1974 1224 2032 corporum,
1239 1959 1377 2029 ebaritas,
1397 1958 1543 2031 gaudium,
1568 1957 1772 2028 longanimitas,
1789 1969 1863 2026 pas,

1065 2053 1224 2124 benignitas,
1235 2053 1357 2118 bonitas,
1374 2052 1455 2117 tides,
1470 2050 1666 2116 mansuetudo,
1682 2049 1863 2116 continentia,

1065 2143 1137 2200 uuila
1151 2144 1269 2200 iocorum
1283 2143 1369 2214 spatia
1386 2150 1495 2211 tenent,
1516 2141 1587 2196 nulia
1607 2139 1808 2211 intercapedine
1819 2153 1866 2196 se·

1065 2244 1207 2308 parantur,
1229 2245 1275 2291 aut
1295 2234 1383 2306 aliqua
1397 2234 1467 2290 oculi
1484 2233 1591 2299 cordis,
1617 2249 1671 2304 quo
1684 2233 1774 2290 radios
1798 2246 1867 2288 suos

1064 2325 1171 2382 mittant
1184 2335 1212 2381 et
1224 2340 1255 2380 ea
1269 2325 1393 2390 videant,
1416 2324 1558 2381 intervalia
1572 2322 1747 2394 conquirunt!
1766 2322 1865 2379 Nouus

1064 2414 1153 2472 omnia
1171 2415 1197 2470 in
1210 2430 1264 2471 uno
1284 2423 1348 2470 sunt
1368 2414 1425 2470 sine
1439 2414 1577 2485 angustia,
1597 2421 1626 2470 ct
1643 2412 1721 2468 suis¹
1738 2413 1865 2469 ternainis

1064 2513 1126 2562 uota
1145 2512 1222 2573 sunt,
1241 2505 1300 2561 sine
1318 2504 1430 2560 circuitu
1452 2502 1610 2574 regionum?
1629 2505 1683 2557 dut
1695 2501 1739 2558 dic
1759 2502 1787 2556 in
1807 2517 1865 2574 quo

1064 2596 1123 2654 ioco
1135 2596 1226 2652 videas
1235 2595 1391 2653 charitatem
1403 2610 1411 2662 ;
1425 2599 1490 2665 quas
1500 2602 1590 2649 tannen
1602 2593 1629 2647 in
1640 2600 1742 2647 tantum
1752 2592 1800 2648 tibi
1812 2607 1865 2646 co·

1064 2687 1137 2759 gnita
1146 2695 1197 2752 est,
1206 2685 1234 2741 in
1243 2693 1371 2758 quantum
1382 2699 1442 2740 eam
1456 2691 1535 2755 putes
1546 2682 1644 2739 meritis
1655 2681 1861 2738 aciecontouri:

1064 2790 1145 2849 quarn
1156 2792 1209 2832 noa
1226 2776 1285 2832 ideo
1297 2789 1420 2847 magnam
1432 2774 1512 2839 nosti,
1526 2773 1586 2845 quia
1600 2772 1733 2844 iurgantem
1743 2772 1864 2844 attqaaaa

1065 2866 1164 2923 molem
1176 2864 1366 2938 eoaaspicieudo
1377 2863 1516 2932 lustrasti;
1536 2878 1587 2920 nec
1600 2877 1661 2919 enm
1671 2861 1719 2919 tibi
1732 2861 1804 2918 intus
1818 2863 1862 2920 lo·

1064 2957 1164 3030 quitur,
1178 2967 1208 3014 at
1221 2956 1365 3013 seearvdm
1377 2971 1437 3013 eam
1445 2956 1528 3023 viras,
1542 2954 1606 3010 nilis
1613 2953 1755 3025 perstrepit
1767 2953 1861 3022 aaran

1065 3060 1115 3106 ttee
1129 3057 1159 3105 ut
1176 3063 1235 3105 sam
1247 3063 1360 3115 cernas,
1376 3046 1556 3118 corporalium
1572 3044 1662 3103 tunsa
1675 3045 1757 3116 erigis
1768 3044 1863 3102 ovalo-

1064 3154 1142 3209 rsta3
1164 3155 1214 3198 nec
1228 3149 1258 3197 ut
1272 3155 1331 3197 eam
1345 3139 1451 3197 iortlter
1464 3148 1575 3206 teneas,
1594 3138 1773 3211 corporalium
1787 3139 1864 3197 viras

1064 3244 1199 3305 preparas
1215 3233 1388 3299 lacertorum3
1402 3247 1453 3288 nee
1463 3245 1524 3288 eum
1535 3230 1583 3287 tibi
1596 3229 1709 3286 venitin
1722 3238 1859 3297 ιαιιεω,

1064 3325 1148 3381 scails
1160 3325 1218 3396 ejus
1230 3325 1373 3382 incessum.

1100 3415 1146 3471 tt.
1159 3415 1229 3472 liceo
1240 3416 1320 3472 etiarn
1332 3400 1452 3472 ebaritas
1463 3410 1706 3487 quantulacunque
1725 3411 1753 3470 ls
1766 3420 1864 3470 noan*

1064 3508 1200 3566 voluntate
1217 3508 1355 3576 consistit,
1375 3507 1506 3578 nobisque
1517 3505 1662 3576 conspicua
1678 3513 1736 3570 est,
1758 3518 1810 3562 asc
1831 3505 1859 3561 ia

1065 3598 1124 3656 loeo
1140 3599 1263 3664 ridetur,
1286 3613 1339 3654 nec
1358 3595 1540 3670 corporalibus
1554 3596 1639 3653 oculis
1651 3595 1794 3667 qtsedtsr,
1809 3609 1860 3652 raso

1064 3692 1291 3751 circumscribitur
1307 3692 1382 3759 rista,
1398 3705 1450 3746 aee
1463 3698 1534 3745 tactu
1549 3696 1668 3755 tenetur,
1687 3699 1738 3744 nec
1751 3687 1860 3743 auditur

1063 3784 1154 3855 adata,
1169 3800 1219 3842 uec
1230 3783 1343 3840 sentitur
1352 3785 1475 3839 inerma:
1490 3789 1589 3851 quanto
1602 3777 1687 3850 magis
1699 3777 1771 3834 beas
1782 3778 1856 3850 ipse,

1064 3877 1141 3948 eujus
1155 3877 1206 3932 iaec
1223 3875 1317 3947 pignus
1328 3875 1356 3930 in
1372 3873 1449 3928 nobis
1461 3871 1519 3927 estl
1539 3869 1605 3925 iiam
1618 3869 1641 3924 si
1654 3869 1765 3924 interior
1776 3867 1859 3922 bento

1064 3976 1170 4034 noster,
1185 3967 1427 4038 quantulacumque
1441 3963 1529 4033 imago
1543 3960 1619 4032 ejus,
1635 3970 1688 4014 non
1701 3957 1736 4014 de
1749 3956 1796 4014 iiio
1807 3972 1851 4029 ge·

1064 4056 1135 4124 nita,
1149 4056 1197 4112 scd
1210 4057 1244 4111 ab
1256 4056 1302 4111 iiio
1311 4062 1419 4119 creata,
1434 4052 1555 4123 quamvis
1568 4051 1655 4106 adbuc
1667 4055 1811 4106 renovetur
1822 4048 1857 4104 do

1063 4144 1107 4204 die
1121 4148 1248 4214 indiam,
1259 4146 1314 4217 jana
1329 4155 1416 4201 tanuen
1430 4144 1456 4199 iu
1471 4144 1514 4199 tali
1529 4143 1589 4200 iace
1600 4142 1719 4209 habitat,
1731 4155 1786 4213 quo
1796 4140 1857 4197 aui·

1064 4238 1105 4295 ius
1117 4238 1252 4293 occulorum
1266 4238 1443 4307 corporalium
1462 4251 1557 4292 scnsrrs
1568 4232 1687 4300 accedit;
1710 4234 1732 4289 si
1751 4248 1783 4289 ea
1795 4247 1859 4305 qum

1064 4331 1092 4388 ia
1114 4331 1157 4387 ilia
1173 4331 1232 4386 luce
1246 4330 1336 4386 cordis
1356 4329 1440 4386 oculis
1456 4328 1606 4392 intuemur,
1628 4334 1656 4382 et
1669 4324 1861 4382 discernantur

1064 4422 1133 4480 inter
1142 4438 1182 4489 sc,
1198 4432 1225 4479 et
1237 4423 1317 4479 nuliis
1328 4423 1446 4477 laconum
1461 4420 1555 4491 spatiis
1564 4429 1721 4490 separantur
1735 4427 1861 4490 equanto

1065 4514 1149 4585 magis
1161 4514 1247 4579 Deus,
1261 4514 1306 4585 qui
1325 4513 1411 4568 iucem
1430 4511 1533 4567 inabitat
1554 4509 1781 4576 inaccessibilem,
1793 4522 1859 4566 eor··

1064 4605 1138 4675 poris
1151 4603 1290 4671 sensibus,
1306 4617 1359 4674 quo
1373 4617 1421 4658 uec
1434 4601 1517 4673 ipsius
1529 4599 1579 4655 nisi
1592 4598 1683 4655 nsandi
1697 4607 1784 4670 pateat
1796 4613 1858 4654 osso

1064 4693 1152 4753 cordis
1162 4694 1301 4751 accessus!
1316 4693 1382 4749 Cum
1400 4692 1479 4764 igitur
1491 4691 1574 4746 iucem
1589 4689 1666 4745 istam
1679 4689 1751 4744 ornari
1762 4702 1859 4759 sorpto

1064 4789 1113 4846 rati
1138 4787 1213 4854 luci,
1238 4801 1290 4842 uon
1313 4786 1398 4840 solum
1419 4782 1521 4854 judicio
1535 4780 1662 4847 rationis,
1689 4779 1736 4836 scd
1756 4782 1858 4835 amanis

1065 4895 1171 4954 quoque
1192 4879 1311 4952 appetitu
1332 4874 1575 4947 proposuerinrus;
1600 4881 1702 4943 quauta
1723 4871 1750 4926 id
1773 4873 1858 4942 magis

1063 4975 1225 5040 valebimus,
1241 4980 1315 5028 taram
1336 4969 1432 5025 melius
1447 4967 1609 5030 valebimus,
1626 4965 1712 5020 donee
1728 4972 1857 5018 sancator

1064 5083 1157 5125 omnes
1176 5067 1317 5138 languores
1330 5060 1427 5117 animas
1441 5068 1539 5115 nestrae
1556 5057 1591 5112 ab
1602 5056 1650 5113 iilo
1663 5056 1708 5128 qui
1726 5054 1857 5126 propitios

1064 5157 1230 5216 dtomnibus
1244 5151 1426 5227 iniquitatibus
1449 5149 1557 5207 rtomris.
1578 5147 1606 5203 ln
1628 5146 1679 5202 itae
1692 5147 1764 5202 caim
1783 5145 1857 5201 viva-

1064 5252 1137 5310 ciore
1150 5251 1203 5307 vitu
1224 5249 1285 5306 lacti
1300 5245 1468 5320 spirituales,
1490 5243 1635 5316 poterimus
1655 5239 1743 5296 omnia
1758 5236 1853 5309 diiud'a

1064 5357 1143 5409 care3
1158 5343 1207 5414 ipsi
1229 5355 1293 5397 vcro
1305 5354 1321 5396 a
1335 5338 1442 5395 nemine
1455 5334 1603 5407 dijudicari.
1626 5330 1755 5389 totnatts
1766 5337 1857 5386 ιιιει

1065 5433 1146 5492 bomo
1166 5449 1219 5490 non
1239 5431 1352 5505 percipit
1372 5443 1432 5502 que
1444 5437 1507 5486 sunt
1528 5427 1637 5500 spiritus
1659 5425 1706 5482 ilci
1722 5440 1730 5479 a
1744 5423 1856 5479 nuidtta

1064 5570 1154 5682 minsis
1165 5577 1322 5623 aesomnes.
1335 5572 1363 5618 at
1374 5563 1458 5619 excusi
1468 5562 1573 5617 babent:
1586 5563 1615 5613 itt
1623 5556 1791 5613 circumdata
1800 5559 1854 5649 asts
