3906 6390
180 389 280 456 propter
294 389 393 453 patrem
407 376 467 448 quia
482 374 508 431 id
521 372 591 444 quod
605 370 724 444 patribus
740 369 899 440 promissum
919 370 961 421 est

177 475 319 546 oportebat
336 470 450 542 impleri,
465 469 534 523 sieut
548 467 618 521 cirea
631 463 710 518 linem
722 461 849 531 Epistulae
860 458 893 513 ad
909 458 963 512 llo·

178 581 272 620 manos
290 564 327 618 ait
340 580 347 615 ε
360 560 424 615 Dteo
437 559 503 614 etnim
520 557 647 612 caustum
661 553 802 621 urinistrum
817 551 894 621 faisse
910 548 961 602 eir·

176 655 337 712 cunrclsimris
357 660 459 723 propter
481 649 607 702 ceritatem
632 644 696 709 Dei,
720 643 754 697 ad
776 640 963 711 coinfirmundas

177 747 354 818 promissiones
368 741 480 814 patruni.
502 737 592 794 Gentes
605 746 688 790 antem
704 750 779 804 super
791 730 962 788 nsisericordia

176 836 319 908 morificate
341 833 421 886 Deum
439 830 527 902 (Rom.
544 842 591 892 xv,
607 826 635 892 8,
649 825 687 896 9).
711 823 860 879 Secundum
883 822 960 876 istam

176 925 384 983 misericordiam
395 922 495 979 dietum
505 928 556 983 est,
566 917 661 972 inimici
670 925 772 988 propter
782 930 825 969 sos
836 912 923 984 :quod
933 921 961 968 ot

175 1016 380 1089 supradixerat,
394 1013 503 1067 illorum
516 1010 606 1064 delicto
618 1008 687 1062 salus
702 1005 832 1061 Gentibus.

210 1109 255 1164 at.
275 1106 342 1162 Cum
353 1114 440 1159 autem
455 1102 576 1166 dixisset,
590 1098 727 1154 secundnm
742 1097 884 1152 electionem
896 1095 960 1148 dile·

175 1202 209 1256 cti
222 1209 324 1271 propter
338 1205 431 1268 patres,
446 1193 556 1258 addidit,
580 1191 642 1248 Siue
656 1190 799 1262 poenitentia
819 1189 885 1243 euim
901 1195 960 1241 sttut

175 1293 243 1346 dona
259 1299 283 1344 et
297 1288 394 1343 occatio
411 1286 469 1340 liei.
485 1284 564 1340 Vides
580 1294 651 1338 certe
666 1282 725 1336 illos
744 1278 893 1351 significari,
913 1276 958 1348 qui

174 1381 308 1451 pertinent
323 1377 356 1433 ad
377 1391 513 1432 numerum
531 1373 785 1445 praedestinatorum.
807 1371 843 1425 lle
863 1369 959 1439 quibua

173 1473 227 1528 alio
238 1473 297 1527 loco
311 1470 383 1535 dicit,
406 1467 506 1524 Scimus
520 1467 578 1538 quia
592 1463 752 1536 diliqeutibus
775 1461 856 1517 Deum
873 1463 958 1516 antido

173 1570 339 1633 cooperantur
358 1561 385 1614 in
402 1559 503 1625 bonerum,
520 1558 558 1611 bis
579 1557 622 1628 qni
644 1554 780 1610 securandum
803 1553 957 1624 propositum

173 1657 253 1708 uocati
269 1653 355 1708 srssrt¹.
375 1650 447 1705 llulti
460 1648 531 1705 enim
546 1655 608 1702 suut
619 1647 715 1708 uocati,
732 1645 806 1715 pauci
818 1658 882 1698 uero
898 1643 955 1698 ele·

166 1747 207 1801 'cti
219 1744 323 1817 (llattb.
336 1759 404 1806 xxu,
419 1741 462 1814 tl)
477 1758 484 1795 :
497 1740 541 1810 qui
552 1755 614 1795 sero
625 1739 711 1804 electi,
726 1737 775 1808 ipsi
788 1744 848 1791 sunt
861 1749 958 1790 sorun-

172 1835 234 1890 dum
250 1833 411 1904 propositum
426 1831 525 1896 uocati;
544 1829 683 1899 inquibus
703 1827 748 1881 uei
768 1826 856 1896 procul
876 1824 956 1879 dubio

170 1926 336 1998 praescientia
350 1924 402 1979 lalli
416 1938 468 1977 non
482 1916 650 1992 potestllos
660 1917 781 1989 praescivit
793 1925 816 1971 ct
829 1915 956 1984 praedesti·

170 2018 238 2073 nouit
251 2018 391 2088 conformes
403 2015 518 2083 imaqiuis
531 2011 593 2067 Filii
608 2011 658 2077 sui,
677 2018 705 2063 ut
722 2010 753 2063 sit
766 2009 819 2080 ipse
832 2008 955 2079 prirrroqe·

170 2108 237 2161 tritus
251 2107 276 2160 iu
293 2105 378 2160 stultis
390 2105 518 2175 fratribus.
534 2101 603 2167 Quos
617 2108 699 2154 uatem
712 2099 905 2170 predestinavit,
920 2098 955 2152 ii·

170 2195 208 2251 los
221 2204 244 2251 et
258 2195 360 2248 noeroit.
375 2192 437 2248 llaec
448 2192 550 2247 uacatio
563 2200 604 2246 cst
616 2188 760 2246 seeundum
773 2188 952 2258 propositum

159 2281 229 2341 'lracc
245 2293 286 2340 est
305 2285 362 2340 siue
376 2283 540 2353 poertiteutia.
558 2281 626 2346 Quos
643 2289 726 2334 aretem
740 2279 844 2344 coemit,
861 2279 918 2332 illos
931 2287 954 2331 et

165 2378 331 2450 justificavit:
344 2393 405 2446 quos
418 2385 502 2429 autem
512 2374 669 2444 justificavit,
683 2373 740 2426 iilos
757 2381 780 2425 et
795 2370 952 2442 qlorr'ficaoit.

160 2464 202 2523 'st
216 2467 283 2521 deus
302 2483 347 2537 pro
360 2466 440 2529 nobis,
456 2463 511 2535 quis
532 2473 619 2517 contra
634 2474 681 2516 nos
695 2462 780 2532 (doru.
796 2477 823 2526 t,
837 2460 954 2530 libili

204 2559 249 2613 22.
269 2557 326 2613 Non
338 2565 400 2612 sunt
412 2557 437 2610 in
452 2557 501 2611 ista
513 2554 660 2621 roratione,
672 2555 715 2624 qui
731 2554 756 2608 in
772 2553 822 2608 lule
835 2568 893 2623 qum
907 2569 953 2623 per

159 2642 336 2704 'dilectionem
347 2654 470 2717 operatur
482 2644 577 2718 (Galat.
588 2660 616 2709 v,
627 2643 667 2712 iil,
676 2644 778 2698 etiamsi
791 2644 952 2714 aliquantum

169 2739 377 2802 ambulantum
392 2746 561 2809 perseverant
575 2751 656 2807 usque
671 2735 697 2789 iu
713 2734 802 2788 inens.
818 2736 850 2788 llt
864 2736 953 2805 utiquc

168 2837 312 2898 putuerunt
324 2827 389 2897 rapi,
402 2843 435 2881 ne
447 2827 544 2881 malitia
557 2835 671 2881 mutaret
682 2825 846 2879 intellectum
861 2841 952 2881 eorum

168 2915 247 2988 (Sap.
262 2932 299 2983 ιι,
314 2909 405 2986 ll),'si
419 2916 452 2970 ad
471 2916 542 2970 illam
559 2914 814 2985 praedestinationem
836 2923 862 2970 et
876 2929 954 2969 uoca-

169 3007 278 3071 tionem,
292 3021 350 3077 quac
370 3004 513 3060 seeundum
527 3004 690 3075 propositurus
710 3013 737 3059 et
753 3004 810 3059 sine
823 3005 952 3073 {omniten-

170 3099 204 3154 tia
216 3107 266 3165 cst,
283 3097 455 3168 pertinerent.
472 3099 505 3151 llt
520 3112 553 3151 ne
573 3096 710 3167 quisquam
724 3097 899 3165 presumptor
917 3095 952 3149 ita

168 3189 203 3246 de
222 3189 333 3245 oecrrltls
347 3188 448 3259 judicet
466 3188 569 3252 alienis,
592 3197 621 3242 ut
633 3187 713 3249 dicat,
729 3186 789 3241 iden
811 3202 862 3240 nnn
885 3188 952 3256 rapti

168 3289 229 3334 sunt
247 3294 280 3334 cx
298 3277 348 3333 bac
366 3279 428 3343 rita,
449 3287 589 3349 antequam
607 3287 693 3331 essent
717 3275 776 3330 iidei
791 3275 950 3343 desertores,

167 3371 228 3440 qnia
242 3371 267 3425 iu
288 3369 379 3426 eastern
399 3369 452 3423 uita
469 3385 521 3423 niun
537 3368 648 3423 fideliter
666 3367 844 3433 ambulabant,
859 3377 886 3423 ct
903 3369 952 3426 boc

167 3459 195 3512 lu
205 3473 297 3514 eorum
313 3458 436 3514 cordibus
456 3467 566 3513 nouerat
579 3458 715 3522 bantinus,
733 3461 853 3529 quamuis
867 3459 951 3514 bomi-

160 3549 244 3604 tribus
256 3549 332 3605 aliter
341 3558 480 3620 appareret
494 3567 500 3603 :
515 3548 578 3619 quid
589 3548 707 3604 dicturus
716 3558 757 3605 est
773 3550 805 3605 de
819 3550 951 3606 infantulis

155 3639 293 3709 'paruulis
303 3639 346 3709 qni
362 3639 477 3709 plerique
491 3648 600 3708 accepto
614 3639 639 3693 in
656 3639 699 3693 illa
714 3647 791 3696 ante
802 3639 951 3695 elrristianm

166 3728 258 3798 gratias
279 3715 460 3793 sacramento,
482 3742 541 3782 euru
564 3729 621 3782 sinc
643 3728 723 3782 dubio
741 3729 902 3797 pertinerent
917 3731 951 3785 nd

84 3832 87 3837 ’
167 3820 247 3872 uitam
260 3827 386 3873 aeternam
405 3833 567 3889 regnumque
583 3819 723 3883 erulorum,
738 3820 760 3874 si
778 3821 903 3875 continuo
917 3837 949 3877 ex

167 3907 217 3962 hac
235 3915 289 3963 urta
307 3909 474 3977 emigrarent,
496 3909 619 3963 sirumtur
636 3924 767 3975 creseere,
789 3919 816 3965 et
832 3913 950 3969 nonrmlli

151 3997 247 4051 'etiam
266 4005 392 4066 apostate
406 3997 489 4052 bunt?
502 3997 587 4064 Unde,
603 3999 653 4053 nisi
671 4000 731 4068 quin
753 4015 803 4055 nou
819 4003 951 4072 pertinent

151 4083 199 4142 'ad
216 4087 287 4142 illam
302 4087 570 4158 praedestinationem,
585 4097 612 4143 et
631 4089 775 4144 secundum
788 4093 950 4162 propositum

166 4192 199 4234 nc
219 4177 277 4234 sine
293 4178 447 4248 poenitentia
460 4178 646 4234 vocationem?
664 4180 718 4236 Crtr
733 4192 821 4237 autem
841 4184 873 4238 ad
891 4199 949 4239 eam

150 4268 210 4326 'alil
225 4271 384 4341 pertineant,
394 4271 438 4328 alii
451 4287 503 4328 non
516 4272 674 4343 pertineant,
686 4276 786 4330 occultu
802 4291 949 4334 consuesse

164 4368 263 4430 potest,
282 4359 377 4429 injusta
395 4374 455 4416 esse
475 4378 527 4416 nun
543 4371 638 4432 potest.
654 4363 784 4435 Numquid
808 4367 877 4423 enim
897 4368 948 4423 iui-

150 4462 152 4468 ’
166 4451 252 4522 quitos
265 4450 334 4520 apud
348 4451 450 4506 lleuml
461 4453 536 4508 Absit
548 4454 634 4523 (donst.
649 4471 688 4520 rx,
705 4457 759 4528 ll).
777 4457 842 4514 Nsrnr
856 4469 883 4515 et
899 4460 949 4518 lroc

165 4540 199 4597 ad
219 4541 290 4596 illam
305 4541 418 4612 pertinet
440 4543 604 4599 altitudinem
617 4545 786 4615 judiciorum,
801 4564 878 4618 qnam
900 4552 949 4606 nri-

165 4645 229 4687 rans
241 4639 365 4703 tanquam
379 4633 485 4704 expauit
496 4635 647 4704 Apostolus.
663 4636 723 4692 ldeo
740 4638 836 4709 quippe
849 4640 890 4696 illu
903 4640 948 4710 ju-

165 4725 233 4781 dicia
245 4734 331 4791 vocat,
346 4726 530 4797 nequisquam
544 4729 604 4783 talia
618 4728 673 4784 lteri
686 4738 768 4800 putet,
780 4731 836 4788 sire
852 4733 948 4804 iniqui·

164 4826 218 4873 tate
231 4816 286 4872 slsc
301 4817 448 4873 temeritate
461 4817 590 4884 laeiesuis,
606 4820 662 4876 sive
674 4835 736 4876 casu
747 4830 773 4876 ot
786 4821 895 4879 lortuito
909 4825 948 4880 la·

165 4907 288 4964 bentibus
307 4906 368 4961 ullis
387 4907 505 4977 partibus
528 4916 581 4963 tarn
600 4908 788 4982 dispositorum
806 4913 857 4969 sub
876 4921 948 4969 cunta

94 5047 100 5060 ,
164 4997 293 5067 sapientia
308 4997 354 5053 bei
369 4998 534 5052 seculorum.

198 5087 243 5144 23.
258 5088 286 5143 ln
299 5087 416 5158 Epistola
427 5100 506 5159 porro
515 5089 548 5144 ad
561 5089 731 5149 Colossenses
740 5093 810 5165 quod
821 5095 947 5166 scriptum

163 5189 215 5247 est,
232 5178 314 5234 Nemo
326 5195 369 5235 nos
382 5180 485 5236 seducat
498 5180 581 5237 uolens
593 5183 620 5236 iu
635 5184 775 5241 transilitate
791 5186 898 5258 (Colore.
913 5204 947 5256 rt,

165 5272 222 5342 ll),
235 5280 262 5329 et
275 5281 370 5330 cetera
380 5288 439 5346 qum
453 5283 608 5346 sequuntur,
625 5292 762 5349 quousque
776 5279 822 5334 tibi
836 5279 948 5337 obscura

164 5375 225 5419 csse
237 5362 337 5430 dixisti,
350 5378 400 5421 nec
412 5379 461 5435 eqo
470 5363 557 5419 adbuc
566 5365 623 5422 sinc
635 5366 747 5437 ealigine
760 5367 888 5440 intelligo.
903 5372 950 5426 At-

148 5462 218 5519 ‘que
238 5452 339 5507 utinam
358 5467 476 5524 qrrmsens
496 5452 530 5510 de
550 5471 593 5511 mo
611 5457 660 5513 ista
683 5457 833 5529 quaesiisses
849 5478 856 5516 s
871 5464 898 5517 tn
917 5477 950 5519 eo

198 5580 302 5632 ¹s1eust
317 5590 371 5646 poet
388 5585 463 5637 uocati
473 5590 536 5648 sunt,
547 5588 635 5639 addunt
645 5591 738 5654 smuti;
752 5608 807 5659 quas
822 5609 870 5650 rou
882 5598 950 5650 alred

165 5642 198 5693 ὼ
208 5644 317 5696 omulbtrs
326 5652 379 5697 tls.
393 5653 419 5697 et
429 5660 442 5697 a
453 5661 534 5712 pasco
543 5656 613 5701 testu
624 5654 734 5714 nposali.

779 256 812 315 b.
832 246 1013 317 nucustttt
1032 251 1181 316 nutscma
1771 264 1816 324 01

1015 372 1112 443 quippe
1124 388 1214 441 sensu,
1225 340 1304 445 quent
1316 375 1381 431 milri
1393 375 1420 431 ln
1432 372 1475 431 tus
1483 374 1580 433 serbis
1589 373 1706 433 habere
1718 377 1812 447 videar,

1015 461 1162 518 adhibenda
1178 473 1218 520 est
1227 465 1348 535 quadam
1362 465 1543 535 prmruntiatio
1558 463 1588 522 in
1602 467 1690 522 rutm
1702 476 1735 524 et
1745 468 1816 526 mods

1015 551 1102 619 rocis,
1117 553 1162 622 qui
1178 554 1289 622 exprimi
1308 553 1403 612 litteris
1420 570 1474 611 non
1494 562 1608 625 potest,
1632 563 1668 611 nt
1680 571 1717 611 ex
1735 557 1815 629 aliqu

1004 652 1089 712 ,parte
1101 645 1250 714 aperiatur;
1270 645 1342 715 quod
1365 645 1427 702 ideo
1445 647 1474 701 lit
1486 647 1661 714 obscurius,
1684 647 1752 718 quia
1769 663 1816 704 noa

1013 743 1095 801 recte,
1111 735 1180 790 sieut
1191 737 1327 801 existimo,
1344 737 1537 807 pronuntiatur.
1556 737 1645 805 Quod
1660 737 1740 796 enim
1754 740 1817 794 scri-

1012 833 1086 896 ptum
1100 835 1151 895 est,
1167 827 1208 883 Nc
1221 828 1364 898 tetiqeritis,
1377 831 1604 901 mandaveritis,
1621 846 1661 885 ne
1678 831 1816 886 manusn-

1012 916 1095 971 nen'ris
1103 931 1113 980 ,·
1128 927 1249 988 tauquam
1263 926 1421 995 preceptum
1437 927 1545 988 putatur
1557 918 1710 991 Apostoli,
1729 921 1817 977 nucis

1011 1005 1073 1075 qnid
1086 1012 1202 1076 tangere,
1215 1014 1330 1076 gustaro,
1344 1008 1499 1063 attaminare
1510 995 1817 1080 pmbttsenuschsn

1001 1107 1052 1153 ¹sest
1063 1105 1161 1162 aretem,
1175 1098 1197 1153 si
1211 1107 1298 1155 mmen
1313 1100 1340 1156 in
1351 1108 1423 1156 unta
1433 1101 1601 1158 obscuritate
1616 1103 1676 1159 ists
1691 1118 1753 1159 nou
1770 1101 1816 1159 tat-

1001 1187 1061 1243 lor.
1077 1188 1128 1244 Per
1141 1188 1288 1246 irrisionem
1298 1191 1395 1263 quippe
1405 1192 1483 1248 rerba
1492 1192 1585 1263 posuit
1598 1207 1720 1259 eorum,
1733 1194 1816 1265 aqui·

1010 1276 1059 1334 bus
1071 1294 1117 1334 cos
1129 1280 1235 1336 nolebat
1248 1280 1333 1351 decipi
1346 1290 1425 1352 atquc
1436 1282 1543 1350 seduci,
1557 1282 1608 1354 qui
1623 1282 1815 1341 discernentes

1009 1369 1082 1424 cibos
1101 1369 1245 1426 secundum
1266 1372 1395 1427 cultumm
1414 1371 1595 1444 Asrgelorum,
1619 1382 1712 1444 atque
1734 1375 1772 1430 ita
1784 1375 1816 1431 da

1009 1459 1060 1516 boc
1074 1463 1172 1518 mundo
1183 1462 1366 1530 decernentes,
1382 1463 1481 1531 dieunt,
1496 1463 1538 1519 Ne
1551 1465 1712 1537 tetigeritis,
1726 1483 1760 1522 ne
1770 1483 1816 1538 os·

1008 1552 1145 1620 araveritis,
1164 1569 1196 1608 nc
1212 1554 1430 1621 mtarrsinauesitls;
1442 1570 1502 1610 cum
1516 1555 1573 1610 sint
1587 1557 1691 1612 omnia
1715 1558 1816 1613 munda

1007 1641 1113 1696 mundis
1133 1642 1195 1711 (Tit.
1210 1659 1230 1709 r,
1245 1645 1300 1716 15),
1322 1652 1350 1699 ct
1369 1644 1456 1699 omnis
1473 1653 1596 1701 ereatura
1622 1647 1677 1704 Dei
1693 1647 1767 1704 bona
1781 1649 1814 1703 sit

1008 1731 1035 1803 (l
1048 1732 1113 1787 lius
1126 1748 1164 1801 ιι,
1175 1732 1203 1807 l)
1215 1752 1223 1789 s
1237 1733 1306 1805 quod
1319 1735 1345 1790 iu
1358 1735 1410 1791 alio
1424 1735 1482 1791 loco
1496 1735 1554 1807 ipse
1564 1737 1721 1795 euidenter
1736 1755 1812 1795 orm·

1007 1821 1122 1877 mendat.

1041 1911 1085 1967 tt.
1107 1912 1200 1968 Totam
1219 1929 1283 1985 ergo
1303 1913 1384 1985 ipsius
1407 1915 1544 1972 scamnum
1565 1917 1812 1975 circumstantiam

1006 2002 1163 2058 rideamus:
1185 2002 1221 2059 ita
1240 2005 1311 2059 enim
1334 2006 1452 2075 Apostoli
1473 2007 1623 2064 latentione
1644 2023 1809 2080 perspecta,

1006 2106 1112 2146 sensum
1125 2093 1199 2163 ejus,
1215 2104 1340 2163 quantum
1353 2095 1487 2162 valemus,
1502 2098 1618 2153 tortasse
1635 2101 1807 2156 tenebimus.

1005 2181 1105 2249 stibus
1114 2184 1185 2237 euim
1200 2184 1249 2239 ista
1260 2186 1362 2253 scribit,
1373 2188 1508 2242 metuebat
1520 2201 1568 2242 eos
1582 2189 1683 2246 seduci
1699 2193 1808 2247 umbris

996 2287 1105 2338 rerum,
1118 2273 1188 2328 dulei
1202 2276 1441 2343 nonristeseierstia,
1450 2278 1567 2333 elaverti
1578 2293 1593 2332 a
1606 2279 1807 2336 lstccreritatis

1004 2380 1063 2435 qum
1080 2374 1119 2420 cst
1135 2365 1160 2419 in
1172 2364 1278 2421 Christo
1289 2366 1352 2424 iesu
1372 2368 1484 2423 baurim
1496 2377 1597 2424 nostro.
1615 2369 1697 2428 llanc
1710 2381 1805 2427 autem

1004 2458 1054 2513 sub
1072 2459 1178 2514 nomino
1196 2459 1331 2529 sapientias
1346 2460 1388 2515 rel
1412 2460 1528 2516 scientiae
1544 2475 1640 2517 cunum
1669 2478 1803 2518 sannarum

1004 2549 1229 2618 superfluarumve
1250 2551 1479 2616 obseruationum,
1499 2561 1527 2608 et
1546 2551 1582 2608 de
1600 2556 1802 2624 superstitione

1003 2639 1174 2707 scurrilitatis,
1196 2642 1361 2711 maximeque
1380 2642 1414 2712 ab
1432 2641 1533 2711 eisqui
1555 2641 1716 2714 Philosophi
1738 2655 1801 2701 suut

1004 2730 1161 2800 nuncupati,
1176 2741 1203 2786 et
1218 2730 1391 2798 aiudaismo,
1406 2730 1549 2788 unveridanr
1567 2746 1630 2788 esse
1650 2736 1797 2799 eerrrelmt,

1005 2820 1049 2876 ubi
1062 2829 1139 2876 erant
1151 2822 1251 2876 umbras
1263 2821 1411 2877 lutunomm
1421 2821 1598 2890 removendae,
1612 2826 1744 2893 quoniam
1759 2825 1799 2879 ln·

1003 2927 1063 2967 men
1080 2927 1170 2967 eastun
1181 2911 1234 2983 jam
1253 2912 1374 2968 Christus
1385 2912 1537 2971 strenuas.
1551 2912 1618 2968 Cum
1639 2929 1707 2985 ergo
1720 2931 1797 2970 eorn-

1004 3012 1175 3058 memorasset
1188 3007 1216 3059 et
1227 3003 1439 3059 commendasset
1449 3015 1576 3072 squamam
1589 3013 1731 3070 certamen
1747 3021 1796 3076 pro

1003 3091 1042 3146 cis
1055 3092 1173 3160 liaberet,
1186 3101 1213 3147 et
1231 3108 1279 3163 pro
1292 3092 1333 3148 itis
1345 3093 1388 3165 qui
1403 3092 1538 3149 Laodicen
1550 3091 1673 3160 isserarst,
1691 3103 1718 3149 et
1731 3096 1793 3164 qui·

1003 3199 1115 3254 eumque
1128 3197 1180 3239 nou
1195 3184 1315 3240 siderant
1332 3184 1425 3240 laeiem
1437 3184 1495 3253 ejus
1509 3184 1535 3238 in
1549 3197 1641 3251 cartre,
1657 3194 1687 3238 ut
1700 3186 1792 3240 cordi·

991 3274 1052 3329 ,bus
1064 3274 1263 3330 rosrsularentur
1272 3274 1386 3344 copulati
1399 3274 1424 3328 ln
1437 3273 1573 3340 charitate,
1588 3281 1616 3328 et
1626 3274 1653 3328 iu
1666 3276 1794 3329 omnibus

1001 3363 1100 3419 divitiis
1123 3364 1293 3433 plenitudinis
1319 3364 1485 3431 intellectus,
1513 3363 1546 3418 ad
1571 3366 1789 3436 cogitassenduur

1002 3455 1156 3526 misterium
1170 3456 1227 3520 Dei,
1241 3455 1310 3526 quod
1320 3463 1361 3511 est
1371 3455 1501 3519 cbristus,
1514 3455 1540 3509 in
1555 3470 1608 3524 quo
1618 3465 1683 3510 sunt
1695 3472 1791 3512 ossrsres

988 3547 1120 3601 -tbesuuri
1139 3545 1274 3615 sapientius
1286 3554 1313 3601 et
1326 3546 1442 3601 scientie
1460 3544 1624 3610 alusconditi3
1639 3544 1698 3600 llae
1712 3548 1789 3609 dicu,

988 3678 990 3682 .
1002 3636 1096 3707 iuquit,
1112 3645 1139 3690 ut
1153 3653 1224 3691 rreum
1234 3652 1276 3691 aas
1287 3637 1498 3692 circnurueniutin
1508 3637 1645 3692 verisimili
1655 3653 1789 3693 sarstono:

1002 3730 1061 3798 quia
1075 3729 1194 3784 ueritatis
1213 3744 1304 3784 amore
1317 3728 1490 3796 ducebantur,
1508 3728 1563 3784 reri
1584 3729 1786 3786 siusilitudinem

1002 3820 1053 3875 illis
1064 3821 1165 3888 timuit,
1180 3836 1214 3875 ne
1224 3821 1417 3890 deciperentur.
1433 3821 1466 3875 Et
1478 3821 1537 3876 ideo
1548 3822 1746 3876 conmendavit
1761 3824 1786 3876 in

1002 3909 1107 3965 Cbristo
1121 3910 1189 3980 {prod
1203 3909 1383 3966 dulcissimum
1403 3910 1534 3966 habebant
1546 3911 1719 3979 thesaurum,
1735 3915 1786 3967 sci·

1002 4001 1062 4055 licet
1074 4001 1208 4069 sapientiae
1220 4009 1247 4056 et
1266 4002 1400 4065 seierrdae,
1416 4001 1490 4071 cuijus
1503 4003 1611 4058 nomine
1629 4010 1656 4058 et
1670 4003 1784 4072 prousis-

1002 4090 1076 4146 sicnc
1087 4089 1172 4145 induci
1187 4099 1307 4160 poterant
1321 4093 1348 4148 in
1361 4107 1488 4147 errorem.

1035 4182 1080 4238 23.
1096 4182 1165 4237 Nam
1175 4185 1219 4238 etsi
1231 4199 1344 4254 corpore,
1356 4184 1447 4254 inquit,
1462 4182 1550 4238 absens
1560 4199 1627 4248 suns,
1640 4184 1731 4255 spiritu
1743 4201 1786 4240 ue-

1001 4273 1094 4327 bisaum
1106 4290 1179 4339 sunr,·
1192 4274 1318 4344 qnudeus,
1335 4282 1358 4327 et
1369 4274 1454 4328 ridens
1464 4283 1568 4328 uestram
1582 4275 1784 4340 ordinationem,

1001 4375 1024 4420 et
1037 4366 1064 4420 id
1076 4366 1143 4438 quod
1157 4365 1222 4420 deest
1237 4366 1297 4435 fidei
1307 4375 1393 4420 eertrtc
1405 4367 1432 4420 in
1445 4366 1553 4422 Cisristo.
1568 4366 1630 4422 ideo
1640 4366 1694 4421 illis
1705 4368 1784 4422 tirne-

982 4456 1044 4511 'bat
1055 4496 1064 4524 ,
1076 4457 1199 4527 quoniam
1218 4456 1279 4526 quid
1292 4457 1331 4511 cis
1346 4456 1431 4511 adbuc
1443 4456 1565 4522 deesset,
1580 4457 1695 4512 ridebat.
1713 4457 1786 4514 Sicut

1000 4563 1058 4618 erqo
1070 4548 1214 4617 accepistis,
1230 4547 1329 4617 iuquit,
1342 4546 1430 4602 desum
1449 4548 1574 4602 Christum
1586 4548 1725 4604 [loutiuuns
1736 4568 1784 4605 no·

983 4648 1092 4703 'strum
1107 4638 1133 4692 iu
1147 4638 1202 4708 ipso
1215 4637 1358 4703 cuniulate;
1376 4639 1483 4692 radicati
1501 4649 1525 4692 et
1542 4640 1740 4709 superaedificati
1758 4642 1785 4695 iu

983 4763 987 4770 ·
999 4732 1064 4803 ipso,
1075 4741 1098 4785 ct
1110 4731 1250 4800 corrfirnrati
1259 4732 1286 4785 in
1299 4732 1357 4801 fide,
1370 4731 1434 4785 sicut
1446 4741 1468 4784 ct
1478 4731 1613 4795 didicistis,
1626 4733 1785 4788 abundantes

982 4840 984 4845 ·
999 4823 1025 4875 in
1035 4839 1064 4877 eo
1077 4821 1330 4893 qratiarunraetioue.
1346 4821 1407 4877 Vult
1419 4838 1466 4877 eos
1476 4823 1527 4879 inde
1542 4824 1645 4889 nutriri,
1660 4834 1690 4879 ut
1704 4841 1785 4896 capa·

1000 4928 1044 4968 ces
1065 4913 1129 4968 bant
1143 4913 1380 4983 participandorum
1403 4914 1586 4969 thesaurorum
1600 4916 1740 4985 sapientise
1758 4927 1784 4972 et

999 5004 1126 5070 scientiae,
1140 5006 1185 5074 qui
1199 5012 1259 5059 sunt
1269 5004 1414 5060 absconditi
1424 5005 1449 5060 in
1463 5004 1584 5071 Christ03
1598 5014 1784 5077 neantequnm

1000 5097 1052 5152 siut
1064 5096 1096 5151 ad
1111 5096 1169 5152 lucc
1183 5096 1280 5164 idonei,
1294 5097 1443 5151 verisimili
1458 5111 1581 5152 sermone
1590 5097 1738 5165 capiantur,
1758 5106 1786 5153 et

1000 5187 1145 5242 aseritatis
1159 5187 1252 5243 itinere
1267 5187 1381 5242 devient.
1396 5187 1495 5244 lleinde
1512 5188 1643 5257 apertius,
1662 5188 1726 5257 quid
1746 5190 1786 5243 eis

1002 5278 1092 5333 timent
1106 5278 1266 5333 ostendens:
1285 5276 1380 5343 Videte,
1395 5276 1489 5348 inquit,
1504 5293 1536 5331 ne
1548 5278 1603 5348 quis
1615 5294 1657 5333 oss
1674 5277 1785 5348 deripiat

1001 5387 1046 5442 per
1066 5370 1265 5442 plsilosopbiom,
1286 5377 1309 5424 et
1330 5370 1622 5434 inatremsedustiouem,
1647 5370 1785 5423 secuudum

1003 5462 1159 5516 traditionem
1173 5461 1318 5527 lrousirrum,
1340 5461 1475 5515 securrdum
1496 5460 1616 5513 classenm
1635 5460 1739 5526 rutundi,
1763 5471 1786 5516 et

1002 5571 1052 5610 non
1064 5555 1197 5609 armandam
1207 5552 1333 5609 Cirristuus
1345 5569 1354 5607 :
1365 5553 1424 5619 quia
1433 5552 1459 5606 iu
1469 5553 1525 5621 ipso
1534 5551 1629 5606 inabitat
1640 5555 1723 5606 orstnis
1732 5555 1786 5624 pis·

1004 5647 1090 5703 uitttdo
1104 5646 1238 5703 diufnitntis
1256 5645 1427 5718 corporaliter.
1444 5642 1509 5702 ltleo
1525 5642 1785 5735 corporalitcrdislt,
