3906 6390
93 331 161 386 tuti

85 444 229 507 festeotur3
248 440 315 497 sicui
326 438 468 510 Apostolus
480 436 530 501 ait,
547 435 651 504 Oportet
671 434 778 488 hereses
803 447 875 495 este,

84 544 111 587 ιιι
125 532 222 604 probuti
235 529 361 599 rrtenisesti
374 528 437 597 fiunt
449 527 514 581 iuter
527 541 569 579 tros
582 523 604 597 (i
616 522 675 579 Ger.
688 539 733 589 ιι,
747 522 805 594 itt).

121 627 150 680 ι.
173 624 238 679 Nam
258 624 280 677 si
296 620 382 675 nullus
393 619 473 674 etiam
487 617 615 672 malorum
631 615 716 669 bonus
728 627 794 667 usus
806 618 878 667 esset

84 717 139 774 lieo
148 716 182 770 ad
192 714 329 769 utilitatem
337 711 481 767 electorum
492 724 611 773 suorum,
623 707 666 777 qui
676 706 756 760 etiam
766 704 800 760 de
808 703 878 757 malo

83 806 160 862 ludas
180 813 280 859 tantum
301 803 399 857 bonum
419 799 496 855 nobis
509 797 647 867 praestitit,
664 804 692 850 ut
703 793 801 849 Cirristi
814 808 877 848 sarr-

83 899 162 970 guinc
176 896 383 956 redimeremnr;
397 898 552 961 poteratees
562 897 607 942 ant
617 887 688 941 nasci
699 901 751 940 nou
763 885 876 955 permit·

83 999 156 1053 tere,
179 1001 245 1057 quos
266 984 348 1039 stralus
360 982 462 1038 futuros
474 995 532 1035 esse
548 978 714 1048 presciebat,
722 986 767 1030 aut
780 978 805 1029 io
819 976 877 1044 ipso

83 1095 175 1136 eornm
189 1076 263 1133 initio
276 1075 446 1143 malignitatis
460 1072 629 1140 exstinguere
643 1087 650 1123 ι
663 1070 709 1124 sed
721 1079 821 1122 tantum
830 1082 878 1123 eos

85 1170 212 1239 permittit
221 1182 298 1233 esse,
312 1176 439 1236 quantum
450 1164 520 1218 norit
532 1162 657 1231 expedire
667 1169 745 1229 atque
755 1160 878 1216 sulficere

84 1261 259 1320 admonendos
273 1269 352 1329 atque
361 1255 517 1312 exercendae
529 1264 628 1308 sanctae
638 1253 727 1306 domui
739 1267 804 1306 sum.
817 1251 879 1306 ideo

85 1366 202 1411 nostram
223 1352 256 1408 de
278 1351 329 1405 iilis
351 1349 483 1404 tristitiam
502 1346 656 1401 consulatur
676 1360 682 1397 :
704 1343 764 1412 quia
779 1350 806 1396 et
821 1341 878 1410 ipsa

84 1447 190 1505 tristitia
211 1457 289 1514 quam
313 1457 360 1512 pro
381 1440 432 1494 iliis
447 1438 591 1501 babemus,
613 1449 662 1489 nos
685 1434 803 1495 releuat;
820 1431 879 1486 illos

84 1545 172 1590 autem
187 1535 213 1589 iu
227 1549 273 1589 sna
289 1530 460 1601 perversitate
475 1533 679 1597 perseuerantes
692 1530 794 1593 gravat.
805 1520 879 1576 Gau·

84 1625 156 1681 dium
172 1638 235 1678 roro
249 1620 319 1692 quod
337 1619 496 1690 percipimus
509 1616 615 1688 quando
627 1613 708 1683 aliqui
721 1628 754 1667 ex
769 1612 808 1666 eis
820 1625 881 1665 cor-

84 1716 149 1771 recti
171 1715 197 1769 in
219 1714 313 1768 melios
327 1718 539 1773 commutantur,
554 1717 579 1762 et
593 1715 745 1761 sanctorum
758 1701 879 1758 societati

84 1807 241 1875 copulantur
253 1843 261 1869 ,
275 1802 338 1856 nolli
349 1800 445 1871 gaudio
458 1801 485 1853 in
496 1799 545 1853 bac
556 1798 609 1851 uita
619 1794 767 1864 comparari
782 1800 878 1862 potest.

85 1897 227 1965 Propterea
240 1894 439 1961 scriptumest:
455 1889 522 1954 Fili,
537 1889 557 1943 ei
568 1888 669 1957 sepiem
680 1886 767 1957 sacrm,
783 1883 827 1937 tibi
837 1898 880 1936 xc·

85 1988 156 2057 piens
170 1985 219 2039 eris
233 1993 256 2036 et
271 1982 392 2052 proximis
405 1981 471 2047 tuis;
484 1981 506 2033 si
518 1988 601 2031 nutem
616 1977 697 2030 ntaiux
707 1975 822 2040 ιιιιιιίι,
836 1988 879 2028 to·

84 2077 124 2129 ius
146 2073 246 2126 isaurus
267 2071 334 2124 triuio
348 2068 436 2142 (Prot.
450 2085 496 2132 rx,
512 2067 568 2138 ti).
583 2066 649 2134 Quia
662 2079 722 2120 cum
735 2062 881 2134 gaudemus

84 2164 119 2220 de
143 2162 262 2218 fidelibus
281 2170 307 2216 ιι
317 2160 413 2231 justis,
428 2169 455 2215 ci
470 2159 520 2213 illis
535 2168 562 2212 et
575 2156 651 2211 nobis
659 2155 772 2225 prodest
782 2155 880 2210 bonum

84 2269 175 2309 comrrr
187 2269 195 2317 ;
209 2268 268 2306 cum
281 2261 370 2306 autem
383 2250 573 2305 contristamur
584 2247 618 2303 de
631 2244 781 2300 infidelibus
794 2252 822 2299 et
831 2242 882 2296 ini-

84 2347 160 2415 quis,
174 2344 225 2399 iliis
238 2344 302 2398 sotis
315 2351 393 2397 nocet
404 2350 430 2395 et
440 2355 532 2395 comni
546 2338 644 2393 malitia
657 2345 683 2391 et
694 2345 784 2390 nestra
794 2334 879 2389 tristi·

86 2437 121 2489 tia
145 2453 151 2490 ι
173 2449 222 2488 nos
244 2443 332 2488 autem
356 2433 435 2488 etiem
458 2432 510 2485 froc
533 2429 674 2500 plurimum
692 2428 799 2497 adjurat
811 2423 880 2495 apud

85 2529 187 2592 boum,
209 2524 279 2595 quod
301 2540 349 2595 pro
360 2524 400 2578 cis
411 2520 618 2576 misericorditer
629 2534 679 2573 con
693 2517 838 2582 ristamur,
852 2522 880 2571 ιι

85 2631 134 2687 pro
153 2616 210 2686 ipsa
232 2614 337 2669 tristitia
350 2610 570 2682 congemiscimus
580 2617 608 2664 et
616 2622 734 2663 oramns.
745 2605 820 2663 Unde
829 2604 880 2659 bo·

87 2707 214 2763 norabilis
224 2715 251 2761 et
266 2705 291 2759 in
305 2704 412 2759 Cirristo
429 2702 566 2759 laudabilis
574 2700 670 2756 famula
679 2697 880 2767 betotmoesu-

87 2800 149 2854 tiam
168 2812 240 2853 tuam
258 2796 293 2852 de
314 2797 423 2862 talibus,
439 2806 466 2850 et
479 2795 640 2865 vigilantiam
653 2801 733 2863 atque
745 2792 877 2848 cautelam

86 2898 176 2945 contra
199 2891 281 2954 talcs,
304 2902 382 2957 quam
403 2888 453 2941 tuis
475 2883 570 2941 litteris
583 2883 753 2954 expressisti,
768 2883 879 2937 multum

86 2979 205 3048 approbo
224 2986 251 3032 ct
268 2976 346 3031 laudo
363 2994 369 3031 :
385 2984 464 3046 atquc
477 2985 507 3029 ut
517 2974 545 3028 in
559 2974 608 3028 lrac
623 2973 664 3028 sia
680 2981 881 3042 perseveranter

85 3068 222 3135 ambules,
247 3082 295 3138 pro
314 3067 381 3123 meis
395 3066 510 3129 uiribus,
524 3065 585 3135 quia
600 3064 651 3119 brrc
663 3064 763 3135 exigis,
778 3072 805 3119 ιι
818 3063 881 3118 Ιιοι-

88 3158 147 3224 ιιι,
164 3169 192 3214 ιι
203 3173 300 3213 ιιιοιιιο
314 3167 341 3212 ut
355 3157 506 3213 miserearis
521 3171 614 3212 eorum
629 3166 753 3225 tanquam
767 3156 879 3224 simplex

87 3264 115 3307 ιιι
129 3251 268 3316 columba,
284 3265 381 3304 caveas
395 3260 483 3303 autem
499 3249 558 3302 iilos
574 3256 697 3316 tanquam
712 3255 798 3301 astuta
812 3247 879 3301 sicut

87 3357 198 3411 serpeus
211 3340 317 3411 (iiattb.
332 3356 358 3404 x,
372 3339 434 3410 ld);
448 3337 547 3407 desque
562 3351 680 3406 operam,
694 3344 820 3406 qnantum
833 3351 880 3406 pn-

88 3443 144 3498 tcs,
158 3442 187 3487 ut
199 3432 241 3503 qui
256 3433 300 3486 tibi
314 3432 463 3494 adbaercnt,
482 3440 569 3484 tecum
584 3430 609 3482 iu
623 3439 693 3483 recta
707 3428 758 3481 fule
772 3442 878 3496 perma-

88 3533 186 3588 ncant,
202 3522 294 3578 autad
309 3521 387 3576 iidem
403 3529 521 3587 rectam,
536 3519 558 3574 si
574 3516 642 3573 forte
656 3519 682 3572 in
698 3518 786 3589 aliquo
798 3519 879 3588 aliqui

87 3614 223 3684 depravati
234 3621 311 3677 sunt,
323 3612 500 3681 corriguntur.

123 3706 150 3759 5.
172 3705 209 3759 lie
228 3703 335 3757 bomine
356 3712 443 3757 autem
459 3691 538 3771 quem
552 3701 668 3771 suscepit
682 3701 798 3757 Verbum
814 3703 877 3769 bei,

88 3812 148 3851 cnm
160 3809 224 3850 caro
236 3795 333 3848 fretum
345 3802 422 3848 estet
432 3791 560 3846 babitauit
571 3792 596 3845 in
608 3791 684 3846 nobis
694 3791 783 3863 (ioan.
794 3809 813 3859 t,
825 3793 877 3864 ii),

88 3885 258 3942 emendarem
271 3883 388 3953 aliquid,
404 3883 427 3937 si
443 3884 468 3937 iu
481 3898 514 3937 co
525 3883 595 3953 quod
608 3883 713 3951 credis,
727 3883 821 3939 falsum
834 3893 880 3939 aut

88 3989 242 4046 perrersum
264 3973 420 4028 invenirem.
445 3972 499 4028 iioc
520 3987 584 4043 crgo
597 3972 676 4028 crede
688 3973 757 4044 quod
771 3974 878 4041 credis,

87 4067 150 4135 qnia
172 4066 197 4119 in
218 4065 263 4120 iiio
281 4064 386 4120 bomine
400 4073 482 4119 totam
498 4074 616 4119 naturam
633 4074 749 4120 nostram
762 4065 878 4136 suscepit

88 4157 170 4212 Filius
190 4155 253 4221 lici,
277 4155 302 4210 iil
323 4162 365 4210 cst
385 4163 413 4211 et
434 4155 548 4209 animam
561 4155 717 4211 rationalem
730 4166 756 4210 et
770 4171 878 4211 carnem

89 4246 228 4302 mortalem
241 4247 299 4301 siue
313 4255 432 4314 peceato.
449 4244 609 4300 lniinnitatis
623 4247 693 4301 cuim
707 4257 803 4302 nostrae
817 4261 878 4316 par-

90 4339 171 4406 ticeps
184 4337 267 4390 factus
281 4344 337 4401 est,
352 4352 404 4389 non
420 4335 581 4405 iniquitatis,
597 4345 624 4389 ut
637 4351 684 4405 per
699 4337 878 4392 inllrmitntcnt

89 4440 274 4488 communem,
295 4425 409 4479 solueret
427 4425 589 4495 iniquitatem
608 4435 741 4491 nostram,
757 4435 784 4480 ct
796 4426 881 4481 addu-

88 4523 161 4570 ceret
174 4528 222 4568 nos
233 4513 266 4569 ad
275 4513 403 4583 justitiam
415 4530 499 4580 suam,
510 4513 602 4568 bibens
612 4515 765 4571 murtcmdc
776 4524 878 4583 nostro,

92 4614 119 4659 et
141 4602 283 4673 propinans
295 4603 375 4657 uitam
388 4605 421 4658 de
431 4619 488 4658 suo.
501 4604 553 4659 Sed
563 4605 584 4658 si
596 4604 678 4660 babes
687 4606 800 4675 aliquam
811 4608 879 4661 scri·

88 4704 192 4766 pturam
216 4708 325 4759 eorum,
350 4694 376 4749 in
399 4710 450 4765 qua
472 4702 595 4749 asserunt
612 4695 682 4765 quod
698 4695 758 4751 lruic
772 4696 831 4752 fidei
844 4697 879 4752 sit

88 4784 261 4848 contrarium,
276 4783 386 4854 dignare
400 4801 457 4840 eam
471 4787 587 4850 mittere,
599 4796 627 4841 ot
640 4804 692 4842 non
703 4788 787 4842 solum
801 4790 879 4845 iidem

89 4886 207 4932 nostram
232 4875 371 4940 dieamus,
397 4875 444 4931 sed
471 4892 563 4932 corum
590 4893 696 4948 equoque
723 4880 878 4948 puellulam,

88 4976 214 5038 quantum
230 4982 387 5039 possumus,
403 4969 564 5024 refellamus.
577 4967 640 5025 Sine
652 4970 733 5025 dubio
746 4972 817 5025 euim
829 4972 881 5028 boc

89 5058 189 5128 ipsum,
214 5058 284 5130 qnod
306 5073 432 5129 peruerse
453 5068 481 5114 et
501 5060 580 5131 impie
599 5061 729 5126 sentiunt,
748 5061 880 5132 aliquibus

90 5149 402 5205 testimorriisdirinarum
409 5149 877 5220 scripturarumconanturastrucre:

90 5237 116 5292 iu
129 5238 224 5307 quibus
236 5238 275 5293 cis
287 5238 480 5295 ostendendum
491 5247 532 5295 est
546 5256 624 5310 quam
635 5256 687 5296 non
701 5241 879 5297 rectciotcili-

89 5338 152 5399 gant
166 5329 279 5386 Litteras
293 5345 382 5387 sacras
393 5334 556 5403 couscriptas
568 5334 601 5405 ad
616 5331 731 5388 fidelium
744 5334 878 5401 salutem;

91 5429 214 5490 tanquam
238 5422 261 5476 si
282 5425 420 5495 quisquam
441 5440 470 5481 se
492 5423 692 5480 medicinalibus
712 5425 881 5482 ferramentis

90 5511 205 5581 grauiter
219 5521 310 5580 vexet,
324 5529 383 5585 quar
395 5517 485 5589 utique
499 5533 551 5571 nou
565 5516 598 5570 ad
611 5516 819 5582 ruirrerandum,
832 5517 881 5575 scd

89 5603 124 5657 sd
145 5605 291 5660 sarranium
312 5620 374 5664 sunt
397 5601 653 5680 iustitotaiilnltmu
674 5619 764 5667 autem
778 5611 881 5667 labora·

78 5693 176 5775 ¹situas
188 5705 215 5754 ιι
227 5695 394 5766 laboramus,
406 5710 531 5772 spirantmn
542 5701 668 5759 Dominus
677 5700 775 5772 donat,
787 5710 878 5760 contra

666 315 910 376 [bistotnutttt
929 315 1065 376 ctaSSts
1082 319 1127 375 ii.

1656 325 1725 381 litii

931 430 1050 488 diversos
1068 449 1173 490 errores
1193 437 1351 506 arguendos.
1368 438 1419 493 Scd
1435 437 1556 493 laborum
1571 446 1724 493 nostrorum

931 523 1057 590 opuscula
1075 525 1097 578 si
1112 523 1180 580 forte
1194 527 1291 582 babere
1303 528 1456 593 desideras,
1471 531 1545 583 mitte
1559 530 1603 597 qui
1619 530 1663 583 tibi
1676 528 1724 583 dc·

931 611 1057 666 scribant.
1080 613 1169 668 Voluit
1190 617 1261 669 enim
1282 617 1351 671 licus
1369 625 1397 671 ιιι
1417 617 1467 672 Ιιοι
1481 617 1604 672 facillime
1617 617 1720 686 possis,

931 703 975 771 qui
990 703 1035 757 tibi
1049 704 1121 758 dedit
1133 705 1202 759 uude
1213 707 1310 775 possis.

1144 840 1305 896 entsruts
1320 840 1431 896 cccxv
1442 848 1448 865 ·
1460 841 1510 914 (a).

931 948 1086 1020 Augustinus
1097 950 1266 1017 Selemnos,
1277 952 1308 1005 de
1317 951 1439 1021 baptismo
1449 963 1473 1006 et
1483 953 1625 1023 poenitentia
1637 951 1721 1020 Petri,

1124 1052 1211 1096 contre
1225 1044 1356 1114 querndam
1370 1045 1540 1098 nooutiorrmr..

932 1150 1147 1219 Religiosissimae
1161 1162 1188 1206 et
1202 1152 1227 1206 io
1243 1153 1340 1206 Christi
1354 1153 1496 1208 dilectione
1509 1155 1669 1210 bonoramlre
1682 1154 1723 1210 fa·

967 1243 1045 1296 neuim
1068 1243 1113 1298 bet
1134 1243 1326 1312 Seleucnmn,
1348 1247 1511 1302 ιιιιιιιιιιιιιιι1
1533 1247 1723 1316 episcopusin

969 1333 1081 1388 [termino
1094 1335 1215 1388 salutem.

968 1447 993 1500 i.
1011 1448 1097 1503 Lectis
1117 1449 1211 1503 litteris
1231 1450 1282 1503 tois
1302 1450 1335 1505 de
1348 1451 1431 1504 solute
1453 1459 1539 1505 vestra
1554 1449 1675 1514 laetatus,
1690 1448 1725 1504 ad

933 1553 963 1593 ca
982 1555 1041 1609 qum
1060 1541 1207 1608 scripsisti,
1222 1542 1369 1611 repondere
1382 1558 1433 1595 non
1448 1542 1548 1595 distuli.
1564 1543 1596 1595 Et
1609 1541 1722 1610 primum

933 1629 1043 1684 miratus
1064 1647 1122 1685 sum
1144 1632 1277 1701 quomodo
1297 1632 1368 1686 dicat
1387 1633 1541 1687 rroratiauus
1554 1633 1603 1686 iste
1617 1632 1723 1685 Petrum

933 1722 1094 1792 baptizatum
1108 1739 1160 1777 non
1175 1724 1272 1787 inisse,
1288 1741 1348 1778 eum
1364 1725 1442 1794 paulo
1454 1725 1575 1793 superius
1585 1720 1724 1789 scripseris

933 1829 993 1868 error
1009 1814 1107 1869 dixisse
1121 1815 1191 1885 quod
1206 1817 1323 1886 Apostoli
1339 1813 1436 1870 fuerint
1450 1814 1583 1883 baptizati.
1598 1813 1672 1867 iimle
1686 1810 1725 1864 iiii

934 1907 1052 1960 uidentur
1074 1908 1144 1977 quod
1167 1907 1235 1962 inter
1254 1909 1392 1977 Apostolos
1408 1907 1552 1976 baptizatos
1566 1906 1660 1959 Petrus
1672 1917 1726 1956 non

933 1993 1013 2049 fuerit
1027 1996 1190 2065 baptizatus,
1206 1997 1299 2067 ignoro
1314 2016 1320 2050 :
1334 2007 1360 2051 ct
1374 1996 1432 2051 ideo
1447 1997 1596 2064 exemplum
1609 1993 1727 2062 epistolis

935 2096 1001 2149 tue,
1017 2103 1050 2141 ne
1064 2087 1171 2142 forsitan
1189 2096 1215 2141 tu
1229 2103 1280 2142 nou
1293 2088 1405 2149 babeas,
1421 2086 1479 2139 ruisi
1492 2085 1549 2149 tilii,
1564 2085 1590 2138 in
1603 2098 1656 2153 quo
1668 2081 1727 2135 diii·

934 2177 1037 2245 gentius
1050 2177 1202 2231 consideres
1212 2178 1248 2231 od
1259 2193 1289 2232 ιι
1303 2193 1345 2231 me
1354 2175 1517 2245 respondere
1530 2190 1588 2243 qum
1598 2172 1685 2227 inveni
1697 2171 1724 2225 in

934 2269 1027 2322 litteris
1039 2269 1106 2333 tuis;
1122 2268 1224 2323 sienim
1237 2268 1354 2322 notarius
1366 2283 1417 2321 tion
1429 2267 1555 2320 mendose
1568 2265 1669 2333 excepit
1681 2271 1728 2317 ant

934 2359 1056 2428 scripsit,
1082 2359 1172 2414 neseio
1193 2361 1269 2429 quale
1289 2375 1335 2414 eor
1346 2359 1442 2413 babeat
1454 2359 1497 2429 qui
1511 2373 1571 2412 cum
1586 2357 1728 2426 Apostolos

934 2442 1080 2518 baptizatos
1091 2449 1175 2515 dicat,
1192 2450 1298 2505 Petrum
1310 2451 1469 2518 baptizatum
1482 2456 1567 2518 negat.

968 2539 995 2594 2.
1017 2539 1092 2609 Quod
1110 2549 1198 2596 ιιιιιιιι
1212 2542 1306 2597 Petrus
1317 2541 1414 2596 dicitnr
1428 2541 1514 2612 egisse
1526 2536 1726 2611 poeriitentiam,

933 2630 1080 2686 carendum
1099 2640 1140 2687 est
1161 2647 1195 2687 uc
1213 2632 1248 2686 ita
1270 2639 1376 2702 putetur
1390 2631 1490 2700 egisse,
1503 2629 1637 2701 quomodo
1648 2635 1729 2698 agunt

934 2721 960 2776 in
981 2721 1100 2776 Ecclesia
1114 2722 1158 2792 qui
1175 2722 1280 2792 proprie
1293 2722 1453 2792 poenitentes
1467 2729 1605 2776 uocantur.
1621 2719 1655 2774 Et
1668 2718 1729 2789 quis

935 2812 984 2867 lroe
1000 2813 1080 2877 ferat,
1098 2823 1125 2865 ut
1137 2811 1251 2880 primum
1264 2811 1467 2880 Apostolorum.
1482 2810 1553 2864 iuter
1567 2809 1632 2863 tales
1643 2806 1728 2876 pinni-

934 2910 1020 2956 teutes
1031 2902 1222 2957 numerandum
1235 2902 1379 2973 putemus?
1391 2901 1514 2956 Paenituit
1526 2900 1597 2954 euim
1608 2914 1669 2954 eunt
1680 2912 1728 2953 ne·

932 3008 1010 3064 gassc
1020 2992 1165 3057 Christum,
1178 2994 1248 3064 qood
1258 2995 1316 3063 ejus
1329 2993 1576 3064 trrdtcamtacrymae
1587 3009 1595 3050 a
1607 2992 1645 3046 sic
1655 2990 1727 3046 enirn

933 3085 1059 3155 scriptum
1084 3095 1140 3151 cst,
1165 3086 1226 3156 quia
1248 3086 1316 3154 perit
1337 3101 1423 3138 amare
1441 3082 1545 3153 (linitis.
1566 3097 1648 3148 xxm,
1668 3079 1726 3152 ts).

932 3176 1054 3230 Nondum
1072 3177 1144 3231 enim
1165 3175 1269 3231 fucrant
1290 3175 1487 3235 resurrectione
1506 3174 1609 3228 fiontini
1628 3171 1727 3226 eonilr·

932 3267 1015 3330 mati,
1033 3273 1059 3320 ct
1080 3267 1124 3319 illo
1137 3264 1251 3320 adventu
1266 3264 1380 3334 Spiritus
1394 3264 1477 3319 sancti
1490 3263 1535 3332 qui
1549 3261 1671 3331 apparuit
1682 3259 1725 3315 die

933 3355 1120 3421 Pentecostes,
1143 3355 1184 3409 rel
1206 3355 1249 3408 illa
1263 3353 1434 3423 inspiratione
1443 3367 1521 3423 qnam
1535 3349 1727 3407 demonstrarit

933 3446 1060 3501 Dentibus
1071 3455 1241 3516 posteaquam
1252 3444 1419 3498 resurrexita
1431 3443 1558 3508 mortuis,
1570 3457 1630 3497 cum
1642 3440 1726 3495 insui·

932 3539 1005 3594 barrit
1018 3539 1043 3593 in
1056 3554 1148 3593 eorum
1163 3536 1257 3592 faciem
1268 3579 1275 3606 ,
1287 3536 1379 3591 dicens
1392 3554 1398 3589 ε
1411 3536 1521 3606 Accipite
1532 3533 1656 3604 Spiritum
1666 3549 1727 3588 mrt-

931 3643 999 3686 ctnm
1015 3629 1101 3704 (loun.
1115 3647 1165 3692 xx,
1180 3628 1237 3702 ts).

967 3723 995 3778 ὃ.
1010 3720 1085 3777 Unde
1100 3728 1172 3776 recte
1185 3719 1237 3774 dici
1250 3728 1355 3790 potest.
1371 3719 1432 3789 quia
1442 3733 1503 3771 cum
1513 3717 1607 3771 betros
1618 3715 1725 3787 negarit

933 3812 1088 3876 Dominum,
1113 3809 1229 3864 onmium
1253 3811 1355 3864 lucrant
1376 3807 1495 3880 Apostoli
1513 3806 1636 3876 bsptizati
1649 3829 1657 3876 ;
1671 3821 1724 3861 non

932 3911 1020 3958 tamen
1043 3916 1128 3972 aqua,
1151 3899 1198 3956 sed
1219 3900 1318 3970 Spiritu
1337 3906 1437 3953 saucio.
1456 3897 1510 3951 iioc
1523 3896 1593 3951 euim
1606 3895 1646 3950 eis
1658 3895 1726 3951 dixit

932 4005 1070 4065 postquam
1096 3994 1256 4059 resurrexit,
1279 3998 1306 4046 et
1329 3997 1500 4046 coosersrtus
1520 3996 1562 4044 est
1579 4002 1638 4043 cum
1660 3987 1723 4043 eis:

932 4083 1043 4138 ioannes
1057 4085 1156 4157 quidem
1170 4082 1305 4154 baptizabit
1316 4098 1391 4152 equa,
1403 4096 1446 4134 aot
1459 4088 1540 4133 uatem
1553 4077 1652 4150 Spiritu
1662 4095 1724 4134 tutt-

932 4175 1175 4253 cto‘imptizubimini,
1183 4189 1255 4244 quent
1268 4182 1291 4226 et
1301 4172 1426 4242 accepturi
1436 4171 1493 4225 eatis
1503 4185 1553 4224 ιιοιι
1578 4178 1633 4240 post
1658 4170 1723 4224 niui-

932 4278 970 4321 tos
985 4269 1030 4321 imi
1043 4267 1095 4321 dies
1108 4267 1177 4337 (dcl.
1193 4283 1219 4331 ι,
1235 4262 1273 4337 5).
1285 4263 1371 4335 Aliqui
1386 4270 1473 4318 autern
1488 4260 1594 4316 codices
1608 4259 1722 4322 liabent.

936 4359 987 4413 Vos
1002 4366 1084 4413 nutem
1099 4358 1199 4429 Spiritu
1212 4367 1298 4411 anneto
1311 4355 1435 4427 incipietis
1449 4353 1573 4426 baptizari
1587 4368 1596 4406 :
1609 4350 1655 4407 scil
1667 4351 1724 4407 sive

932 4450 1051 4516 dicatur,
1072 4449 1275 4520 baptizabimini,
1296 4449 1352 4502 site
1373 4448 1488 4513 dicatur,
1505 4445 1628 4515 incipietis
1640 4443 1723 4509 tonu-

932 4540 1003 4606 auri,
1017 4541 1049 4594 ad
1064 4556 1118 4594 rem
1132 4538 1196 4593 uiirii
1210 4539 1328 4592 interest.
1343 4537 1408 4592 Nam
1422 4537 1447 4590 iu
1460 4536 1668 4605 quibuscumque
1678 4548 1723 4589 co·

932 4632 1036 4687 dicibus
1055 4633 1202 4692 ioreonor,
1224 4630 1402 4699 baptizabitis.
1421 4639 1482 4692 aut,
1499 4626 1623 4694 incipietis
1638 4623 1722 4695 inpii-

932 4740 1007 4791 znre,
1031 4723 1150 4778 nrcmlnsi
1171 4731 1232 4777 suut
1244 4739 1251 4786 ;
1264 4722 1308 4792 qui
1321 4735 1353 4773 ex
1366 4719 1459 4789 grauis
1475 4716 1599 4772 facillime
1610 4715 1722 4771 conrin-

932 4826 1038 4870 cuntnr.
1054 4813 1083 4869 Si
1097 4821 1185 4867 autem
1198 4811 1310 4867 dicimus
1322 4824 1390 4879 aqua
1406 4823 1457 4862 non
1469 4806 1549 4862 fuisse
1559 4805 1721 4876 baptizatos,

933 4903 1104 4961 metuendum
1117 4911 1157 4956 est
1172 4917 1205 4956 oe
1218 4902 1334 4969 graviter
1346 4900 1372 4953 in
1386 4899 1425 4953 cis
1435 4912 1568 4962 erremus,
1583 4894 1722 4951 credemus

934 4995 1084 5049 bominibus
1116 4992 1298 5046 arretoritatcm
1327 4987 1513 5044 coutcnmendi
1539 4986 1721 5057 baptismum

933 5099 1011 5155 quem
1033 5081 1195 5153 usqueadeo
1208 5095 1260 5135 uon
1273 5078 1496 5134 contemnendum
1511 5077 1566 5146 ipsa
1578 5075 1722 5147 apostoliea

933 5175 1071 5246 disciplina
1081 5171 1266 5238 commendat,
1281 5181 1310 5226 nt
1321 5170 1460 5226 Cornelius
1473 5169 1593 5225 centurio
1605 5177 1632 5224 ct
1648 5166 1721 5238 liqui

932 5284 993 5323 com
1016 5267 1062 5322 illo
1084 5272 1178 5331 erant,
1199 5264 1279 5319 etiam
1298 5263 1354 5333 jam
1373 5271 1481 5333 accepto
1499 5260 1597 5332 Spiritu
1612 5271 1737 5328 sarrctu,

933 5360 1032 5415 luerint
1045 5357 1168 5428 baptizati
1184 5355 1240 5428 (ld.
1255 5372 1289 5420 x,
1303 5354 1359 5426 ts).

967 5450 995 5505 i.
1010 5448 1083 5504 Sicut
1094 5447 1195 5518 antiqui
1206 5445 1271 5516 justi
1284 5445 1307 5500 si
1321 5460 1373 5499 non
1386 5443 1652 5508 circumciderentur,
1668 5455 1721 5499 nox

966 5562 1020 5613 'sd
1031 5577 1055 5613 ιι.
1067 5562 1109 5625 bg.
1122 5563 1164 5611 bn.
1177 5558 1211 5610 bl.
1222 5572 1243 5608 c.
1255 5572 1293 5609 nc.
1305 5559 1344 5609 cb.
1357 5557 1381 5608 ff.
1394 5573 1419 5630 g.
1431 5573 1473 5623 gg.
1486 5573 1527 5624 gr.
1536 5557 1555 5621 i.
1567 5570 1593 5608 n.
1606 5568 1627 5608 ι.
1637 5560 1683 5611 st
1693 5561 1723 5610 tt.

934 5639 971 5676 ιι.
983 5626 1044 5675 riuos
1055 5638 1078 5674 c.
1091 5630 1142 5673 tres
1152 5625 1229 5693 sbet
1240 5620 1295 5670 litid.
1306 5627 1437 5670 recensita.

944 5732 949 5739 ·
965 5709 1003 5775 (ι)
1014 5707 1074 5760 tlias
1087 5707 1129 5758 ibi
1140 5721 1145 5757 :
1158 5717 1212 5770 quae
1224 5709 1306 5756 autem
1317 5703 1364 5757 too
1375 5710 1438 5770 erat,
1449 5716 1512 5756 ιιιιιιι
1523 5703 1576 5755 too.
