3906 6390
117 224 170 283 tat

116 333 150 388 ab
169 330 319 388 innocentis
338 330 411 387 orbis
425 338 554 387 terrarum
567 330 755 386 communione
775 331 902 402 praecide-

116 430 185 486 rent,
202 435 261 476 eum
277 419 388 475 tacendo
411 421 529 475 sinerent
541 420 677 492 episcopo,
697 436 777 492 quem
790 419 903 476 Cartha-

116 510 268 580 ginensibus
283 510 459 577 ordinassent,
470 525 485 565 a
496 518 550 565 toto
561 509 626 564 orbe
636 526 689 566 nou
702 509 901 565 communicari.

117 601 267 671 diriperent,
285 601 353 655 sicut
365 601 471 668 dieitur,
485 601 518 655 ad
537 603 618 656 dum¹
632 617 711 672 agore
720 617 826 657 calisam
841 617 901 657 cum

115 691 257 745 Caeciliano
282 691 351 762 apud
376 691 508 746 Ecclesiae
534 692 733 759 transmarinas,
759 691 843 761 parati
869 691 902 747 ad

116 791 253 853 utrumque
271 800 277 836 :
293 792 321 837 ιιι
334 784 356 837 si
368 798 428 838 curn
448 783 597 853 potuissent
610 798 774 855 quacumque
787 784 901 838 uersutia

116 873 187 928 laisa
198 875 389 929 criminationis
402 875 541 942 euincere,
556 875 682 929 satiarent
697 874 900 944 plenissimecu·

114 964 250 1036 piditatcm
263 980 353 1030 suam;
369 967 391 1019 si
399 976 488 1026 autem
504 981 556 1021 non
566 975 684 1036 possent,
698 966 724 1021 in
738 965 830 1021 eadem
841 965 900 1033 nui-

113 1054 174 1109 dena
188 1056 358 1124 peruersitate
371 1055 507 1121 durarent,
525 1056 572 1112 sed
590 1056 644 1126 jam
658 1066 744 1111 tanreu
760 1057 835 1127 quasi
855 1055 902 1110 ha·

114 1143 208 1200 herent
220 1145 289 1216 quod
311 1146 442 1212 dicerent,
456 1148 540 1202 malos
553 1147 656 1217 judices
681 1162 709 1202 se
721 1161 781 1202 esse
794 1161 902 1218 perpes—

79 1306 86 1319 .
114 1250 176 1300 sos3
191 1252 250 1306 quae
263 1252 312 1289 ιιι
325 1245 366 1291 est
380 1237 498 1291 omnium
514 1237 644 1291 malorum
654 1236 827 1306 litigatorum,
840 1251 899 1290 curn

115 1325 211 1380 luerint
224 1325 303 1380 etiam
317 1325 530 1381 manifestissima
545 1327 655 1380 ueritate
670 1326 788 1395 superati
804 1343 810 1380 :
824 1327 900 1396 quasi

114 1434 166 1472 nun
181 1419 219 1472 cis
227 1419 260 1472 nd
273 1418 325 1473 hue
337 1418 388 1473 diei
402 1428 491 1487 posset
503 1427 529 1471 et
537 1417 684 1486 iustissime
696 1417 757 1483 diei,
775 1417 843 1472 Eece
854 1433 901 1487 pu-

114 1520 200 1564 tcmus
213 1509 272 1564 illos
286 1510 435 1580 episcopos,
451 1509 495 1578 qui
512 1507 771 1578 llomaejudicaruut,
788 1522 840 1561 raon
854 1507 901 1561 bo·

113 1598 278 1669 nos·judices
298 1599 396 1664 luisse3
421 1599 537 1653 restabat
549 1597 641 1651 adhuc.
648 1597 794 1666 plenarium
805 1596 900 1651 Eccle-

113 1691 159 1742 siu
174 1689 302 1743 universae
325 1688 466 1742 concilium
481 1726 488 1751 ,
504 1687 547 1741 ubi
562 1687 641 1742 etiam
653 1701 712 1740 oum
728 1685 792 1755 ipsis
802 1685 899 1755 judici·

112 1777 162 1832 bos
173 1793 250 1833 causa
267 1786 355 1846 posset
371 1776 475 1846 agitari,
487 1784 515 1830 ut
527 1776 549 1830 si
564 1774 633 1829 male
642 1774 776 1844 judicasse
786 1774 899 1828 convicti

111 1873 217 1930 essent,
235 1879 327 1920 eorum
355 1863 495 1920 senitentiae
517 1864 691 1919 solverentur.
714 1862 790 1931 Quod
812 1871 899 1917 utrum

112 1955 231 2022 iecerint,
248 1957 360 2025 probent
376 1972 382 2008 ι
399 1971 449 2011 iios
464 1956 534 2010 enim
549 1970 602 2009 non
623 1954 719 2009 lactum
743 1969 803 2011 esse
822 1954 900 2010 lacile

114 2045 265 2114 probamus,
282 2062 314 2099 ex
333 2061 366 2100 eo
378 2046 448 2115 quod
459 2053 529 2099 totus
542 2046 613 2100 orbis
626 2061 677 2099 riou
696 2045 734 2100 eis
751 2046 899 2100 conminui-

113 2145 174 2191 cat:
190 2145 235 2191 aut
246 2136 267 2191 si
282 2136 379 2191 ιιιιιιιιι
393 2145 443 2202 est,
460 2138 539 2191 etiam
552 2137 587 2191 ibi
599 2145 660 2191 sunt
672 2136 733 2191 victl
742 2153 749 2200 ;
758 2136 828 2207 quod
844 2137 899 2205 ipsa

113 2239 204 2280 eorurn
220 2227 353 2295 separatio
367 2225 527 2283 manifestat.

76 2342 83 2352 ·
146 2315 192 2370 20.
214 2315 266 2370 Sed
287 2325 374 2370 tamen
396 2315 459 2386 quid
473 2327 564 2385 postea
582 2314 712 2382 iecerint,
728 2315 899 2385 Imperatoris

112 2406 209 2460 litteris
224 2405 449 2460 sufficientissimo
468 2406 624 2461 ostenditur.
642 2405 749 2460 ludices
766 2407 836 2460 enim
853 2421 899 2462 ec·

112 2496 275 2549 clesiastieos
294 2504 374 2550 tantm
387 2496 552 2550 auctoritatis
562 2500 712 2565 episcopos,
729 2512 840 2566 quorum
853 2497 899 2565 ju·

111 2588 180 2641 dicio
193 2596 219 2641 et
234 2587 368 2642 Caeciliani
381 2588 528 2642 innnocentia
540 2597 567 2643 et
579 2603 670 2642 eorum
684 2589 836 2657 improbitas
850 2589 904 2644 de:

111 2679 209 2733 clarata
230 2687 281 2744 est,
297 2693 350 2731 non
364 2677 433 2745 apud
451 2679 517 2732 alios
532 2678 657 2747 collegas,
672 2678 718 2732 sed
730 2678 799 2747 apud
812 2679 898 2749 hupe-

111 2778 226 2823 ratorem
248 2782 374 2822 accusare
389 2769 445 2822 ausi
462 2778 533 2833 suut,
554 2767 624 2836 rpuod
648 2770 715 2822 male
738 2769 897 2837 judicarent.

112 2859 187 2914 bedu
204 2860 247 2915 ille
261 2859 334 2914 aliud
351 2860 507 2914 llrelatcnse
519 2859 657 2929 judicium,
673 2860 785 2914 aliorum
799 2861 899 2916 scilicet

111 2952 312 3022 episcoporum:
326 2953 453 3024 nunquia
467 2952 521 3022 jam
541 2966 651 3008 necesse
669 2961 735 3015 erat,
749 2951 795 3007 sed
806 2967 898 3007 eorum

112 3041 327 3110 perversitatibus
339 3041 447 3107 cedens,
462 3053 488 3096 et
501 3042 654 3096 onuaiurodo
675 3042 784 3112 cupiens
797 3050 899 3098 tanum

113 3131 303 3201 impudentiam
312 3131 444 3186 cohibere.
454 3132 543 3202 Neque
552 3133 624 3187 enirn
637 3148 716 3188 ausus
726 3141 765 3188 est
776 3132 899 3188 christia·

113 3235 164 3276 uus
179 3221 469 3291 luiperatorsiecorum
482 3222 654 3278 tumultuosas
672 3232 698 3278 ct
711 3222 816 3280 fallaces
832 3240 899 3297 qaae·

113 3315 184 3370 rclas
197 3314 342 3385 suscipere,
358 3323 386 3368 ut
396 3315 428 3368 de
440 3314 540 3384 iudicio
550 3314 733 3385 episcoporum
748 3316 792 3385 nui
808 3317 900 3371 liaunae

114 3406 240 3462 sederant
254 3407 311 3476 ipse
320 3405 452 3476 iudicaret
464 3422 472 3471 ;
484 3405 531 3461 sed
551 3407 629 3472 alios,
641 3413 671 3460 ut
681 3406 745 3473 dixi,
761 3408 901 3477 episcopos

113 3499 185 3555 dedit
199 3517 205 3553 :
221 3515 235 3553 a
250 3499 346 3570 quibus
358 3508 445 3554 tamen
459 3499 494 3552 illi
513 3498 546 3553 ad
561 3499 646 3568 ipsum
662 3512 767 3552 rursum
782 3497 900 3568 Impera-

116 3597 201 3645 torem
215 3602 359 3659 provocare
370 3588 521 3642 maluerunt
531 3603 539 3652 ;
551 3601 601 3656 qua
614 3586 639 3640 in
653 3600 683 3641 re
697 3586 757 3640 illos
774 3586 900 3656 quemad·

114 3679 222 3735 modum
243 3679 405 3743 detestetur,
429 3677 548 3731 audistis.
573 3679 659 3745 Atque
686 3675 786 3730 utinam
807 3676 900 3732 saltem

76 3768 83 3781 '
115 3771 199 3840 ipsius
212 3769 313 3840 jndicio
335 3766 510 3822 insanissimis
529 3766 740 3820 animositatibus
753 3767 808 3819 suis
821 3765 900 3821 linem

115 3862 278 3935 posuissent,
293 3867 373 3930 atque
394 3867 423 3913 ut
441 3857 480 3913 eis
497 3858 553 3927 ipse
569 3857 657 3922 cessit,
672 3856 745 3911 utde
760 3857 804 3911 illa
823 3871 901 3938 eausa

115 3962 175 4022 post
193 3947 480 4021 episeoposjudicaret‚
496 3963 511 4000 a
526 3948 623 4001 sanctis
635 3947 797 4001 antistitibus
811 3957 901 4016 postca

115 4041 219 4097 reniam
238 4040 375 4110 petiturus,
389 4038 451 4092 dum
468 4045 555 4091 tanuen
570 4036 607 4091 illi
626 4037 696 4107 quod
711 4037 819 4091 ulterius
832 4038 903 4093 dicc-

115 4141 175 4188 rent
192 4147 244 4185 nnn
260 4129 399 4194 haberent,
413 4128 435 4184 si
447 4128 503 4197 ejus
514 4128 652 4182 senentiae
663 4143 714 4181 non
735 4127 902 4197 obtempera·

116 4232 187 4288 rent,
199 4222 231 4275 ad
244 4212 321 4291 ouem
334 4219 383 4288 ipsi
395 4226 614 4288 provocaverunt,
627 4217 665 4271 sic
675 4225 702 4271 ιι
713 4217 751 4271 ιιιι
763 4216 904 4287 aliquando

117 4315 242 4370 cederent
251 4313 367 4368 ueritati.
381 4311 463 4366 lussit
473 4311 542 4365 euim
552 4310 596 4364 ille
608 4317 635 4365 ut
645 4310 668 4364 ei
680 4318 768 4379 partes
779 4309 810 4364 ad
821 4324 903 4380 agen·

116 4406 177 4460 dam
193 4420 299 4460 causam
316 4403 428 4457 Romam
449 4408 628 4456 occurrerent.
640 4401 698 4467 Quo
710 4415 769 4454 cum
784 4399 903 4455 Caecilia·

118 4510 168 4550 nus
181 4495 272 4550 nescio
282 4507 335 4562 apua
351 4506 429 4546 causa
440 4506 492 4545 non
502 4490 670 4554 occurrisset,
684 4490 904 4559 interpellatusab

68 4637 71 4640 ,
117 4586 167 4653 ιιι,
182 4585 306 4656 pracepit
316 4592 343 4637 ιιι
353 4581 527 4637 Mediolanum
538 4589 720 4651 sequerentur.
735 4581 808 4637 Tunc
819 4583 904 4638 seali-

119 4675 166 4745 qui
183 4662 276 4730 coriam
301 4671 457 4726 subtrahero
478 4678 625 4739 ceperunt,
647 4671 757 4725 lortasse
778 4671 904 4742 indignati

119 4765 180 4837 qiaia
195 4782 245 4819 nam
259 4774 299 4820 est
313 4778 359 4819 eus
373 4763 489 4818 imitatus
502 4762 697 4829 Constantinus,
709 4773 737 4818 ut
747 4764 801 4834 jam
815 4765 903 4820 statim

119 4864 201 4926 atque
215 4855 340 4909 uelociter
350 4853 519 4908 Caecilianum
530 4852 667 4908 damnaret
675 4854 820 4909 absentem.
829 4855 905 4922 Quod

122 4944 166 4998 ubi
180 4944 306 5012 cognouit
321 4942 445 5013 prouidus
459 4940 613 5012 imperator,
626 4943 743 5012 reliquos
758 4944 792 4998 ab
804 4944 904 4999 allicia-

120 5033 189 5089 libus
199 5032 344 5088 cnstoditos
359 5033 421 5089 lecit
432 5032 606 5089 llediolanum
615 5035 762 5104 peruenire.
774 5035 832 5103 Quo
844 5049 904 5090 cum

121 5125 202 5180 etiam
217 5124 374 5180 Caecilianus
389 5125 515 5188 venisset,
529 5125 613 5194 ipsum
629 5141 743 5196 quoque,
756 5127 822 5181 sicut
838 5126 905 5181 scri·

122 5217 196 5286 psit,
219 5217 356 5283 erlribuit,
383 5219 539 5288 cognitaque
561 5234 655 5286 carisa,
682 5236 732 5289 qua
753 5220 905 5290 diligentia,

123 5321 174 5377 qua
200 5307 312 5372 cautela,
331 5323 382 5377 qaia
402 5309 569 5378 prolusione,¹
581 5311 649 5366 sicut
662 5308 719 5380 ejus
734 5308 851 5365 indicant
865 5311 907 5365 lit·

152 5507 209 5556 ¹sie
222 5512 276 5555 tor.
289 5513 410 5557 elusisti
421 5508 475 5557 edd.
487 5511 636 5572 antiquiores
648 5518 672 5561 et
685 5519 727 5562 tis.
740 5519 796 5563 iux.
810 5511 908 5592 insurgit,

119 5568 153 5618 ad
164 5566 226 5618 duas
236 5565 343 5629 renides.

241 5649 353 5713 Sanos.
374 5653 513 5713 Auousr.
529 5654 558 5714 ιι

716 214 955 279 ΕΡιὸΤΟιΑιιιιιι
972 218 1157 281 casselen.

963 339 1037 397 tera,
1052 331 1220 391 Caecilianum
1237 337 1492 412 innocentissimum,
1505 334 1564 402 illos
1580 345 1744 416 improbissi-

956 423 1162 492 mosjudicavit.

990 511 1102 570 CAPUT
1123 516 1187 574 lllll.
1201 548 1236 559 -
1248 520 1291 574 Ξι.
1314 521 1349 577 Ει
1364 522 1452 580 adhuc
1464 526 1596 596 baptizant
1609 541 1683 586 extra
1696 546 1742 588 ec-

955 600 1079 668 clesiam,
1095 614 1122 660 et
1134 606 1156 661 si
1171 610 1273 677 possint
1282 612 1447 681 rebaptizant
1459 616 1604 673 Ecclesiam
1617 637 1624 686 ;
1638 621 1742 677 sacrill·

955 698 1015 744 eant
1036 691 1061 745 in
1084 692 1250 752 dissensione
1271 708 1298 753 ct
1318 699 1478 767 schismate,
1500 715 1526 760 ct
1542 707 1614 775 pacis
1635 710 1742 767 nomine

956 781 1067 851 populos
1090 785 1214 853 salutant,
1235 803 1301 857 utros
1325 804 1339 842 a
1362 805 1426 860 pace
1448 795 1539 850 salutis
1554 799 1739 857 exterminant.

954 870 1143 928 Conseinditur
1157 877 1245 931 ιιιιιιιι
1258 876 1371 944 Christi,
1386 879 1581 950 blasphematur
1600 885 1742 945 hareditas

954 959 1061 1028 Christi,
1072 963 1228 1019 exsulllatur
1242 966 1372 1037 baptisma
1390 968 1488 1025 Christi
1500 989 1507 1036 ;
1521 981 1548 1027 et
1563 976 1656 1030 nolunt
1667 976 1693 1030 in
1711 991 1741 1035 tta

955 1050 1004 1104 ista
1019 1066 1068 1120 per
1084 1053 1232 1110 ordinarias
1247 1057 1375 1114 humanas
1392 1068 1535 1128 potestates
1548 1062 1657 1134 flagellis
1675 1075 1741 1122 tcm-

954 1141 1088 1208 poralibus
1103 1145 1257 1212 emendari,
1271 1163 1305 1203 ue
1320 1149 1346 1202 in
1364 1160 1477 1206 aeternas
1495 1168 1585 1222 punas
1599 1170 1646 1225 pro
1661 1157 1740 1214 tantis

954 1230 1099 1300 sacrilegiis
1123 1231 1298 1289 destinentur.
1320 1236 1435 1293 lios'cis
1461 1241 1600 1311 objicimus
1623 1243 1740 1301 fauorem

953 1317 1119 1388 schismatis,
1135 1321 1351 1392 rebaptizationis
1372 1326 1520 1395 insaniam,
1538 1332 1572 1387 ab
1587 1333 1740 1391 haereditate

952 1406 1121 1480 Christique
1141 1428 1188 1481 per
1206 1429 1299 1470 omnies
1318 1427 1410 1487 gentes
1432 1419 1524 1475 dillusa
1544 1433 1599 1487 cst,
1611 1423 1739 1481 nelariarn

952 1501 1155 1569 separationem.
1179 1505 1217 1561 lle
1234 1507 1368 1563 codicibus
1387 1525 1439 1567 uon
1455 1521 1556 1567 mutum
1569 1516 1675 1580 nostris,
1690 1516 1739 1572 sed
1823 1516 1833 1537 ⁸

952 1590 1030 1644 ctiam
1046 1606 1149 1659 corum,
1163 1594 1304 1651 recitamus
1314 1598 1439 1654 eeclesias
1449 1616 1558 1670 quarum
1571 1605 1675 1658 nomina
1690 1604 1739 1660 bo·

952 1680 994 1736 die
1009 1682 1108 1753 legunt,
1124 1694 1152 1740 et
1173 1688 1268 1755 quibus
1289 1688 1368 1744 hodie
1381 1707 1433 1746 non
1446 1695 1641 1750 communicant
1656 1713 1663 1748 :
1678 1711 1739 1765 quar

952 1785 1012 1824 curu
1038 1773 1184 1829 recitantur
1208 1776 1234 1829 in
1260 1780 1449 1837 conventiculis
1469 1796 1572 1848 eurum,
1597 1784 1740 1839 lectoribus

952 1861 1007 1915 suis
1018 1860 1125 1929 dicunt,
1137 1862 1188 1918 Par
1204 1873 1305 1931 ιιιιιιιι;
1318 1874 1411 1922 etcum
1422 1869 1485 1938 ipsis
1494 1871 1613 1939 plebibus
1624 1914 1632 1937 ,
1643 1873 1739 1941 ortibus

952 1949 1005 2005 illm
1019 1950 1113 2005 litterae
1125 1952 1230 2022 scriptae
1243 1964 1322 2022 stant,
1338 1970 1429 2024 pacem
1446 1975 1498 2012 non
1513 1959 1618 2016 habent.
1635 1962 1668 2016 Et
1687 1962 1738 2031 ipsi

952 2041 1028 2095 nubis
1050 2042 1176 2109 objiciunt
1196 2045 1236 2098 vel
1254 2043 1319 2099 salsa
1345 2047 1455 2102 erimina
1479 2059 1669 2119 mortuorum,
1693 2051 1738 2109 tel

950 2128 1054 2184 etiamsi
1073 2145 1154 2197 vera,
1171 2141 1258 2188 tamen
1278 2135 1378 2202 aliena;
1400 2152 1452 2191 non
1474 2139 1648 2210 intelligentes
1664 2142 1738 2198 iniis

951 2234 1010 2288 quac
1025 2234 1075 2274 uos
1087 2222 1126 2275 eis
1140 2220 1290 2291 objicimus,
1301 2240 1393 2280 omnies
1406 2226 1465 2282 illos
1477 2230 1576 2294 teucri;
1589 2230 1613 2285 in
1627 2233 1658 2287 iis
1671 2246 1738 2288 reru

951 2323 1011 2379 qum
1025 2310 1101 2366 nobis
1111 2311 1249 2381 objiciunt,
1265 2315 1366 2384 paleam
1380 2316 1422 2369 ιιι
1435 2317 1533 2371 zizania
1547 2321 1640 2374 messis
1652 2321 1737 2378 donui-

952 2402 1018 2455 nicae
1033 2402 1201 2473 reprehendi,
1213 2403 1245 2459 ad
1258 2405 1387 2461 frumenta
1399 2417 1485 2463 autem
1499 2411 1598 2464 crimen
1611 2427 1664 2466 non
1675 2428 1738 2482 per·

952 2491 1037 2545 tinere
1049 2508 1056 2544 :
1068 2507 1153 2561 nequae
1164 2493 1363 2549 considerantes
1375 2496 1434 2565 quia
1446 2499 1541 2567 quibus
1560 2500 1621 2553 mali
1635 2502 1739 2568 placent

951 2583 977 2634 in
992 2583 1101 2645 unitate,
1126 2584 1175 2652 ipsi
1194 2586 1391 2640 communicant
1410 2588 1503 2653 malis;
1529 2589 1625 2659 quibus
1648 2599 1737 2649 ιιιιιιιιι

951 2669 1108 2738 displicent,
1122 2679 1149 2725 et
1161 2686 1207 2726 eos
1220 2673 1362 2729 emendare
1375 2690 1425 2731 non
1439 2687 1567 2745 possunt,
1580 2694 1664 2748 neque
1676 2690 1737 2737 arata

952 2766 1056 2828 tempus
1080 2761 1176 2816 messis
1199 2760 1298 2819 nudent
1316 2764 1414 2820 zizania
1438 2768 1583 2834 eradicare,
1604 2786 1638 2826 ne
1658 2769 1738 2829 simul

951 2847 1088 2903 eradicent
1106 2858 1133 2904 et
1155 2851 1270 2906 triticum
1293 2851 1406 2925 (ιιιιιι.
1422 2871 1489 2922 rara,
1505 2857 1576 2926 ib),
1596 2874 1649 2919 non
1661 2861 1737 2916 iactls

951 2951 1043 2990 carrum
1056 2978 1064 3004 ,
1079 2938 1126 2992 scd
1146 2940 1221 2995 altari
1236 2939 1334 2996 Christi
1347 2946 1543 3001 eotrtmunieaut
1559 2965 1566 3002 :
1582 2950 1616 3005 ita
1635 2958 1663 3003 ut
1684 2964 1737 3005 uon

952 3024 1037 3079 solium
1048 3040 1100 3078 non
1116 3026 1149 3081 ab
1162 3028 1201 3082 eis
1212 3030 1386 3096 maculentur,
1398 3033 1444 3086 sed
1457 3035 1535 3088 etiam
1546 3034 1643 3089 divinis
1652 3037 1738 3095 verbis

952 3114 1052 3170 laudari
1068 3116 1256 3187 praedicarique
1272 3131 1422 3177 mereantur
1433 3141 1440 3188 ;
1451 3126 1574 3193 quoniam
1589 3143 1622 3182 ne
1640 3143 1737 3185 nomen

953 3207 1051 3262 Christi
1080 3224 1128 3278 per
1146 3208 1280 3266 horribilia
1295 3211 1437 3266 schismata
1459 3215 1665 3285 blasphemetur,
1690 3233 1739 3287 pro

954 3297 1025 3351 bono
1042 3297 1149 3352 unitatis
1170 3297 1292 3365 tolerant,
1308 3300 1377 3368 quod
1389 3316 1437 3370 pro
1451 3301 1521 3358 bono
1534 3304 1738 3372 aequitatisude·

954 3394 1024 3441 titul.

989 3476 1035 3529 ιι.
1055 3475 1082 3530 Si
1098 3475 1194 3530 habent
1214 3493 1308 3543 aures,
1334 3478 1441 3533 audiant
1460 3481 1521 3549 quid
1536 3481 1649 3551 Spiritus
1669 3482 1740 3540 dieat

955 3565 1091 3620 Ecclesiis.
1110 3564 1153 3620 Sic
1172 3567 1242 3620 enim
1261 3567 1287 3621 in
1308 3568 1465 3640 Apocalypsi
1490 3571 1599 3627 ioannis
1621 3572 1737 3644 legitur:

955 3657 1062 3729 Anpelo,
1077 3659 1176 3728 inquit,
1192 3657 1311 3713 Ecclesiae
1331 3659 1427 3728 Ephesi
1445 3663 1538 3729 ιιιιιι,
1554 3662 1684 3718 haecdicit
1697 3666 1741 3736 qui

954 3758 1020 3803 tenet
1032 3758 1124 3818 septem
1136 3747 1222 3802 stelias
1234 3749 1260 3802 r'u
1279 3750 1381 3803 dextera
1394 3767 1449 3816 sun,
1465 3753 1507 3818 pai
1521 3752 1633 3806 ombrilat
1647 3756 1673 3808 iu
1688 3770 1741 3810 atte-

955 3842 997 3895 dio
1010 3849 1102 3912 reptem
1118 3840 1324 3894 candelabrorum
1336 3858 1469 3896 attacorum
1481 3860 1489 3896 :
1502 3844 1562 3899 Scio
1572 3861 1647 3915 opera
1660 3855 1703 3900 tua
1717 3855 1741 3903 et

955 3932 1066 3988 laborent
1085 3942 1108 3985 et
1125 3933 1271 4003 potientium
1284 3943 1362 3997 lunari,
1377 3945 1401 3988 et
1413 3937 1471 4002 prtia
1481 3953 1530 3990 ιιοιι
1543 3948 1612 4007 poter
1621 3939 1742 3995 sustinuere

955 4022 1047 4088 malos,
1061 4031 1084 4075 et
1098 4022 1194 4075 teratusti
1210 4038 1251 4075 cas
1263 4023 1306 4092 uui
1318 4039 1345 4077 se
1358 4025 1443 4078 dicunt
1452 4028 1577 4096 apostolos
1589 4043 1650 4091 esse,
1660 4039 1740 4083 elnon

956 4125 1025 4180 sunt,
1035 4125 1057 4168 et
1065 4115 1178 4168 invenisti
1186 4130 1227 4168 cos
1238 4116 1377 4179 urerrdoccs,
1386 4125 1410 4168 ct
1421 4118 1565 4186 patientium
1574 4118 1659 4181 linires,
1669 4131 1741 4173 etart-

957 4205 1065 4259 stinuisti
1075 4220 1116 4257 cos
1126 4213 1229 4274 propter
1241 4221 1329 4258 nonina
1340 4221 1431 4269 matut,
1440 4214 1463 4258 ct
1471 4223 1520 4258 non
1530 4206 1641 4276 defecisti
1649 4208 1739 4276 (ipos.

958 4291 1741 4363 u,l·5).Quodsideangelosuperiorumcmlrrrum,etnon

957 4383 991 4438 de
1000 4383 1146 4453 praepositis
1157 4382 1280 4437 Ecclesiae
1291 4383 1370 4438 uellet
1382 4383 1500 4454 intelligi,
1515 4400 1566 4439 nou
1579 4400 1743 4456 currsequen·
1774 4452 1780 4463 ¹

958 4483 998 4529 ter
1011 4475 1131 4530 diceret:
1148 4473 1201 4529 Sed
1215 4474 1293 4528 liabeo
1305 4475 1436 4529 aduersam
1455 4484 1493 4542 te,
1509 4477 1575 4546 qarod
1597 4479 1744 4534 charitatem

957 4574 1026 4617 tunm
1040 4565 1146 4634 primunr
1159 4564 1289 4634 reliquisti.
1307 4563 1404 4619 llcnror
1418 4575 1469 4620 esto
1479 4567 1562 4639 itaque
1571 4568 1636 4622 narde
1645 4569 1744 4626 excide·

958 4656 1002 4718 ris,
1015 4666 1037 4708 et
1048 4672 1093 4726 ape
1105 4656 1284 4726 poerritentlam,
1299 4664 1320 4709 et
1337 4657 1417 4724 puina
1432 4673 1507 4726 opera
1521 4662 1582 4729 sne:
1597 4660 1635 4713 siu
1648 4671 1742 4724 autent,

958 4749 1029 4801 nortio
1042 4746 1095 4812 itit,
1107 4756 1129 4800 et
1143 4747 1243 4800 arrouelra
1254 4746 1431 4799 candelabrum
1445 4758 1514 4799 tuum
1524 4749 1553 4801 dc
1564 4749 1617 4802 loro
1625 4769 1681 4815 suo,
1696 4752 1744 4805 nisi

959 4839 1131 4909 paenitentiam
1147 4838 1226 4907 aperis
1250 4834 1350 4907 (idid,
1370 4838 1397 4900 d,
1419 4837 1468 4906 5).
1491 4837 1545 4891 lluc
1564 4842 1744 4907 superioribus

959 4926 1067 4996 Angelis
1080 4925 1131 4980 dici
1151 4942 1204 4980 non
1222 4934 1316 4994 potest,
1328 4927 1371 4993 qui
1389 4937 1539 4995 perpetuam
1554 4930 1667 4982 retinent
1679 4931 1744 4986 cha·

960 5017 1083 5080 ritatem,
1104 5016 1174 5070 tunde
1196 5015 1239 5085 urai
1254 5013 1409 5069 deiecerunt
1422 5025 1448 5070 et
1464 5017 1528 5085 lapsi
1542 5027 1612 5083 suut,
1626 5018 1745 5077 diabolus

962 5116 1004 5163 ιιι
1014 5116 1041 5162 ιι
1055 5105 1139 5177 angeli
1153 5106 1220 5176 eiras.
1237 5107 1304 5176 Ergo
1315 5107 1586 5174 primamcharitatem
1598 5107 1669 5173 dicit,
1684 5111 1746 5181 quia

963 5198 1088 5255 sustinuit
1114 5196 1349 5267 pseudoapostolos
1375 5208 1481 5267 proptor
1505 5213 1602 5252 nomen
1626 5199 1745 5269 Christi,

963 5304 1042 5361 quam
1055 5289 1131 5358 jubet
1144 5298 1173 5343 ut
1184 5297 1302 5358 repetat,
1314 5298 1338 5343 et
1353 5287 1428 5341 iaciat
1443 5288 1528 5358 priora
1542 5303 1621 5359 opera
1640 5305 1697 5346 stra.
1713 5290 1748 5350 m
1813 5340 1821 5351 .

963 5379 1124 5449 objiciuntur
1133 5379 1207 5433 nobis
1218 5379 1326 5433 crimina
1336 5378 1463 5432 malorum
1474 5378 1621 5448 bominum,
1634 5397 1685 5435 non
1700 5398 1748 5437 no·

964 5482 1029 5539 stra,
1051 5471 1098 5526 scd
1126 5470 1229 5534 aliena;
1248 5468 1343 5537 etipsa
1363 5469 1458 5538 partina
1477 5469 1629 5542 incognita:
1644 5487 1704 5543 oute
1725 5472 1749 5530 sl

966 5564 1046 5620 etiam
1061 5576 1122 5619 reru
1135 5570 1161 5617 et
1170 5559 1308 5632 praesentia
1320 5559 1480 5622 rideremus.
1489 5570 1517 5616 ιι
1526 5562 1633 5617 zizaniis
1644 5572 1750 5632 proptor

1460 5651 1569 5739 (sn.)

1695 237 1746 294 tid
1825 247 1834 259 '
