3906 6390
90 402 118 447 et
133 390 211 457 londo
232 394 297 444 sunt
314 386 350 444 sl)
368 400 398 442 ca
414 386 499 441 salute
516 385 591 454 curius
614 383 732 438 uetulum
755 381 891 450 remeet

89 498 144 555 qsm
157 496 234 552 spem
244 480 376 551 periurum
389 478 423 532 de
434 493 486 546 qm
494 478 623 545 scripturn
631 484 685 540 est,
696 477 762 539 Quia
772 492 817 544 spe
827 475 890 529 salui

90 573 151 645 iacti
166 587 254 642 sumus
269 585 279 624 .·
293 585 350 638 spes
359 566 612 637 outemqrrtecidetor
622 581 672 619 ires
685 575 721 620 ert
731 582 787 634 spes
798 565 898 626 litam,

91 680 155 728 ιιιι,
174 664 232 732 Ed).
255 661 370 731 ideoque
390 669 417 714 et
439 660 464 713 in
489 658 540 713 isto
558 657 665 727 psolmo⁸
679 671 741 711 cum
760 657 888 724 dixisset,

91 752 160 808 Betis
173 768 260 816 tricus,
274 751 344 805 uene
356 766 443 816 meus,
459 750 556 819 respice
565 750 591 802 iu
603 765 642 802 mc
649 764 659 812 ,·
672 765 751 819 quare
765 763 804 801 ore
816 749 888 803 dere-

91 844 186 915 liquisti
194 846 207 900 l
219 844 347 901 continuo
361 841 513 912 subjungit,
528 840 612 912 Louqe
625 857 640 893 u
653 842 734 895 solide
747 858 802 895 utctt
816 840 889 896 reric

91 934 241 1002 delictorum
264 949 395 999 meorum·
416 933 442 988 id
465 941 519 999 est,
543 932 601 986 ltaec
626 932 705 987 serua
732 930 887 997 delictorum

92 1041 213 1082 meorum
227 1033 301 1091 sunt,
314 1034 342 1080 ei
355 1026 432 1094 longe
446 1024 480 1078 ab
493 1023 536 1079 illa
551 1024 636 1078 salute
649 1038 709 1078 mea
722 1032 794 1088 sunt,
808 1038 888 1093 quam

92 1119 158 1182 milri
171 1134 225 1174 nun
239 1117 361 1184 Veteris,
381 1116 429 1172 sed
447 1115 515 1171 Nori
531 1115 694 1170 Testamenti
710 1115 795 1185 qratia
810 1114 887 1184 polli-

92 1220 177 1268 ortur.
200 1209 358 1280 Quanquam
380 1207 460 1263 ctiam
483 1207 522 1262 sic
542 1205 668 1277 distingui
690 1214 792 1276 potest,
818 1205 888 1266 deas

23 1278 28 1288 ¹
92 1319 180 1370 sums,
194 1300 263 1355 uene
279 1315 358 1364 meus,
372 1299 468 1369 respice
485 1297 580 1363 iumr;
590 1314 668 1367 quere
680 1314 720 1352 me
732 1297 888 1368 dereliquisti

92 1396 169 1467 lcrqc
177 1410 195 1448 ιι
203 1393 283 1448 solute
294 1392 367 1446 mccl
380 1399 504 1461 tanquam
513 1390 625 1458 diceret,
636 1389 821 1460 delinquendo
832 1406 886 1460 mc,

92 1486 143 1542 lroe
157 1494 209 1552 est,
223 1501 277 1540 uou
290 1500 334 1540 me
348 1483 530 1548 exaudiendo,
544 1483 623 1554 louge
635 1481 721 1538 iactus
731 1498 763 1539 es
775 1497 790 1538 a
802 1484 888 1541 saluto

92 1591 163 1644 mm,
179 1576 305 1647 presenti
316 1575 417 1632 scilicet
427 1574 513 1631 salute
524 1572 600 1644 liujus
609 1573 672 1629 ritae
684 1590 692 1627 ι
706 1582 736 1628 ut
747 1573 887 1630 uliusscn·

91 1683 139 1724 sus
158 1668 207 1733 sit,
227 1667 302 1721 orric
322 1666 470 1721 delictorem
488 1680 615 1728 meomm,
636 1662 739 1729 idest,
761 1665 811 1719 ista
828 1679 887 1735 qum

91 1758 157 1825 disi,
168 1757 249 1813 rerba
262 1766 324 1813 suut
337 1757 495 1812 delictorum
510 1769 641 1820 meormu,
656 1754 717 1825 quia
730 1755 811 1809 rerba
825 1763 888 1811 suut

91 1850 235 1905 carnatium
248 1849 452 1905 desideriorum.

126 1942 170 1998 ts.
185 1942 247 1998 llaec
266 1957 300 1997 ex
321 1956 436 2012 persona
457 1940 497 1996 sui
519 1939 641 2010 corporis
661 1938 786 1994 Christus
806 1938 886 2005 dicit,

90 2033 162 2106 quod
174 2043 215 2090 cst
231 2034 362 2090 Ecclesia.
381 2034 443 2089 llaec
457 2048 489 2089 er
509 2047 623 2102 persona
642 2030 708 2086 dicit
726 2029 887 2086 infirmitatis

90 2127 181 2182 carnis
201 2126 322 2196 peccati,
346 2141 425 2196 qoam
451 2122 647 2195 transigurarit
670 2123 698 2178 in
727 2137 785 2178 eam
805 2135 885 2192 quam

91 2210 205 2286 sumpsit
214 2231 246 2271 cx
257 2215 376 2287 Virgine,
389 2214 588 2271 similitudinem
602 2213 690 2269 carnis
701 2213 812 2283 peccati.
824 2211 888 2267 llice

91 2305 211 2376 Sponsus
224 2321 256 2361 cx
271 2320 383 2377 persona
397 2319 502 2374 sponsae
517 2304 643 2374 loquitur,
658 2304 719 2373 quia
731 2302 815 2355 induit
826 2317 885 2356 eam

90 2396 139 2452 sibi
156 2396 271 2467 quodam
287 2396 376 2451 modo.
397 2397 429 2451 Et
441 2394 511 2466 apud
525 2395 634 2460 isaiam,
656 2392 700 2448 ulii
715 2393 797 2461 dicit,
812 2393 884 2447 Sicut

88 2504 181 2559 sponso
199 2489 312 2560 elliqauit
326 2488 387 2542 irtilri
399 2488 517 2552 mitrutu,
537 2495 562 2540 et
574 2485 640 2539 siccet
654 2500 773 2552 sponsam
787 2482 886 2536 cruerit

88 2595 127 2634 rue
139 2587 285 2634 ornamento
299 2578 374 2650 (lsai.
391 2594 446 2643 uxr,
464 2577 509 2649 lli)
526 2595 532 2629 :
548 2576 660 2647 alliquuit
680 2573 751 2640 nrilti,
769 2580 797 2628 ei
809 2588 886 2626 ornu-

88 2672 122 2725 sit
134 2686 183 2736 me,
200 2679 326 2738 tanquam
342 2669 420 2724 unius
433 2683 482 2722 rox
497 2676 555 2733 est,
571 2677 599 2721 et
617 2675 704 2720 tamen
718 2678 845 2733 sponsum
858 2670 885 2718 el

87 2776 213 2831 spoussm
233 2761 370 2817 Christum
391 2760 563 2830 intelligimus
585 2767 611 2814 et
632 2758 789 2813 Ecclesiam.
810 2753 884 2821 Sed,

87 2860 161 2906 critiri
176 2852 226 2907 duo
246 2852 273 2906 ire
293 2867 368 2906 cerne
385 2868 452 2916 ιιιιι;
470 2859 655 2906 succurrentem
673 2863 806 2917 muqnum,
822 2845 886 2900 dicit

88 2944 230 3013 Apostolus
242 2986 249 3010 ,
262 2944 288 2997 in
302 2943 401 2997 Clrrieto
416 2951 440 2996 et
454 2942 479 2995 in
493 2940 606 2995 Ecclesia
624 2939 703 3012 (Εριι.
715 2953 742 3000 r,
758 2938 804 3000 dl,
817 2934 883 3005 diis

86 3034 162 3103 iqitur
181 3050 233 3087 run
248 3035 306 3105 jem
318 3032 386 3099 duo,
400 3033 444 3087 secl
457 3048 508 3086 unc
527 3047 586 3085 coro
599 3030 705 3100 (llottlr.
723 3044 785 3091 ιιι,
800 3027 840 3097 ὓ).
855 3005 886 3082 Sl

86 3138 152 3194 erqo
165 3136 227 3180 caro
241 3139 310 3190 urta,
325 3121 445 3195 prolecto
462 3129 644 3193 competenter
662 3120 742 3175 etium
755 3133 805 3171 ror
820 3132 882 3173 una.

86 3205 154 3282 Quid
168 3214 210 3269 uie
225 3215 332 3284 qumris,
346 3212 462 3268 humana
473 3213 623 3276 inlirmitus,
639 3225 733 3267 rocem
746 3208 824 3265 i'erld
837 3224 884 3277 pcr

85 3304 156 3375 quod
178 3304 247 3358 luctu
270 3311 333 3358 sunt
352 3304 463 3358 omnia?
483 3303 550 3357 liudi
574 3303 663 3372 potius
684 3315 776 3355 rocem
796 3299 883 3353 carnis

85 3409 146 3465 quae
162 3393 228 3449 lacta
241 3402 283 3448 est
298 3393 366 3447 inter
378 3393 466 3447 omnia
478 3409 485 3457 ;
499 3392 624 3462 quoniam
644 3389 749 3444 l'erlrum
763 3405 822 3442 coro
840 3394 882 3459 su-

85 3493 152 3538 ctum
166 3492 218 3549 est,
236 3493 259 3538 et
271 3481 390 3536 lrolritoeit
404 3483 431 3536 iu
449 3482 529 3535 rodis.
545 3480 614 3536 dudi
635 3480 724 3550 potius
743 3479 882 3534 medicinae

84 3591 189 3639 rocem,
206 3591 257 3648 qua
270 3576 372 3632 sanaris
385 3584 415 3646 ut
426 3575 517 3631 rideas
530 3575 623 3639 licum,
636 3589 715 3644 quem
730 3573 777 3627 tibi
791 3573 881 3629 uiden·

84 3668 147 3724 dum
160 3668 277 3733 distulit3
289 3668 423 3722 hominem
437 3676 526 3722 autem
537 3666 681 3721 ridendum
694 3666 792 3732 attulit,
806 3665 879 3720 occi·

84 3759 200 3816 deudum
213 3760 317 3827 obtulit,
330 3759 484 3814 imitandum
496 3758 615 3821 eontulit,
627 3757 786 3813 credendum
796 3766 881 3811 trans·

84 3852 158 3915 tulit,
178 3860 207 3906 ui
226 3853 275 3907 ista
293 3851 345 3907 lude
367 3851 402 3907 ad
421 3851 562 3907 ridendum
578 3851 660 3906 [ierim
676 3851 773 3906 mentis
786 3849 896 3925 oculus

83 3951 231 3999 sanaretur.
246 3943 313 4012 doto
328 3954 392 4016 crgo
409 3944 583 4015 dedignamur
596 3945 686 4001 ottdire
707 3960 799 4000 rocem
820 3959 879 4000 crir-

73 4034 155 4103 ports
177 4050 211 4091 ex
236 4050 284 4094 ore
307 4038 422 4111 capitis?
446 4038 566 4093 Ecclesia
590 4039 616 4092 in
644 4038 691 4093 illo
718 4039 877 4108 patiebatur,

82 4125 188 4195 quando
201 4141 249 4197 pro
259 4128 377 4184 Ecclesia
390 4129 540 4199 patiebatur
554 4147 560 4185 :
576 4129 643 4184 sieut
654 4131 734 4185 etism
750 4130 775 4184 in
790 4131 879 4187 Eur-‚le

82 4219 120 4273 sia
135 4219 283 4288 patiebatur
298 4222 365 4292 ipse,
382 4221 490 4292 quando
503 4237 551 4292 pro
567 4222 613 4276 illo
625 4221 745 4276 Ecclesia
761 4224 879 4291 potielta·

82 4310 134 4364 lnr.
149 4310 215 4364 Nam
232 4311 300 4366 sicut
313 4311 461 4368 audirimus
480 4313 608 4368 Ecclesiae
622 4329 715 4368 rocem
730 4314 756 4368 in
770 4311 877 4370 Clrristo

82 4402 216 4471 patientis,
229 4399 307 4468 Deus,
319 4401 470 4469 Deusmerrs,
481 4405 584 4473 respice,
597 4405 790 4467 etc.‚sicctimu
800 4405 875 4460 muli·

82 4491 168 4544 rimus
188 4489 286 4545 Christi
307 4506 398 4547 rocem
420 4493 446 4547 in
467 4492 584 4547 Ecclesia
608 4494 750 4562 patientis,
776 4495 873 4564 Saule,

82 4580 173 4643 Saule,
185 4581 246 4652 quid
259 4597 297 4634 me
310 4583 463 4652 persequeris
478 4582 545 4654 (Act.
557 4599 598 4647 tx,
611 4583 649 4655 d).

121 4669 234 4727 CAPUT
249 4669 303 4727 itt.
314 4702 350 4712 --
364 4671 406 4726 ll).
424 4672 489 4727 Cum
508 4672 596 4743 itaquo
611 4688 665 4728 uon
675 4675 831 4730 exaudimur
841 4677 874 4732 ud

82 4760 310 4830 temporaliultona
318 4761 455 4818 retinenda
466 4762 509 4817 rel
522 4761 702 4832 adipiscenda,
712 4765 817 4835 quaudo
825 4781 874 4836 pro

81 4853 122 4908 liis
139 4850 315 4922 deprecamur
328 4852 428 4921 licum,
444 4853 471 4908 in
489 4868 522 4908 eo
535 4853 606 4924 quod
621 4869 670 4909 nos
683 4870 736 4910 non
750 4857 871 4925 ormrdit,

80 4942 239 5013 derelinquit
249 4958 298 4998 nos
307 4959 315 4997 ι
324 4943 371 4999 sed
381 4944 415 4999 ad
428 4944 546 5014 potiora,
557 4960 616 5016 qum
631 4947 687 5001 uult
700 4955 729 5003 ul
740 4949 871 5020 intelliga-

82 5048 147 5097 mus,
159 5041 187 5088 ct
201 5032 417 5102 prueleramus,et
425 5036 653 5106 concupiscamus,
665 5051 717 5091 non
730 5053 780 5093 nos
792 5040 871 5095 dere·

80 5123 186 5195 linquit.
200 5125 279 5183 Unde
291 5127 411 5198 sequntur
424 5127 562 5193 Psalmus,
576 5137 603 5182 et
616 5127 696 5195 dicit,
710 5129 822 5186 Clnuroei
838 5133 872 5187 ad

78 5226 100 5266 ιι
109 5233 152 5279 per
163 5216 238 5275 diem.
248 5235 293 5274 uec
300 5218 420 5273 modies
431 5216 515 5291 (l'sul.
532 5235 589 5285 ιιι,
603 5219 630 5290 5)
641 5231 683 5285 ;et
694 5225 870 5279 noeterciisrn

77 5305 118 5359 iric
134 5307 300 5374 sulrmuditur,
314 5325 360 5363 ries
374 5310 503 5364 exaudies.
515 5309 567 5364 Sed
580 5309 641 5366 ride
652 5312 717 5382 quid
730 5313 868 5386 adjungit:

77 5406 99 5446 er
118 5412 170 5450 nore
189 5398 223 5450 ud
235 5399 404 5466 imipiemism
419 5400 490 5454 urilri.
506 5400 563 5455 lloc
576 5416 639 5469 crgo
653 5402 718 5457 dicit
732 5420 739 5457 τ
755 5402 815 5458 Nou
827 5420 870 5462 mc

78 5484 185 5554 quidem
199 5488 324 5543 exaudies
338 5489 497 5545 claurantem
508 5505 555 5561 per
567 5490 648 5556 diem,
662 5492 740 5550 idest
753 5493 869 5551 inrebus

78 5578 225 5648 prosperis,
237 5589 266 5633 ut
277 5595 322 5635 cas
335 5595 388 5636 nen
401 5583 538 5650 amittam3
553 5591 579 5639 ct
595 5593 683 5663 noete,
696 5585 721 5641 id
732 5594 775 5641 cst
786 5587 812 5643 in
825 5604 869 5658 re-

77 5667 127 5725 lius
140 5667 269 5741 aduersis,
285 5680 313 5727 ot
325 5686 451 5754 prospera
465 5690 524 5746 qum
537 5675 633 5733 amissa
647 5687 718 5748 sunt,
734 5679 845 5739 redeant
859 5701 866 5739 :

683 232 921 331 urtsrummm
943 271 1077 331 cusssts
1095 276 1139 334 m.

943 389 1096 446 rerumhoc
1109 394 1174 448 milri
1186 411 1238 450 nou
1249 397 1280 450 ad
1292 398 1468 467 insipientiam
1476 399 1577 466 loeies;
1586 401 1633 457 scd
1644 403 1734 474 politti

944 486 972 531 ut
982 479 1083 548 sapiam
1097 482 1159 552 quid
1171 485 1227 553 jam
1240 502 1286 555 per
1299 488 1363 543 Novi
1380 489 1541 546 Testamenti
1550 492 1662 562 gratiam
1675 507 1691 547 a
1704 500 1732 549 tc

942 578 1119 638 exspectare,
1136 574 1201 642 quid
1213 575 1382 644 desiderare,
1403 580 1467 649 quid
1482 596 1592 650 poscere
1606 581 1730 638 debeam.

940 655 1033 723 Clamo
1040 660 1137 730 quippo
1145 673 1229 733 egunt
1239 667 1376 723 miltibona
1385 672 1539 738 temporalia
1548 656 1731 729 ιιιιιιιιιιιιιιιιζ

942 754 1000 800 tur:
1012 747 1050 802 Tu
1061 762 1147 806 cratem
1165 754 1192 808 ist
1208 767 1294 811 sancto
1309 758 1419 823 liabitas,
1430 746 1584 836 lcus'lsrccl
1591 763 1670 834 (litu.
1686 764 1729 839 l).

940 835 1009 903 liolo
1020 845 1050 893 ui
1060 841 1230 911 derelinquas
1241 848 1482 917 conccupiscentiam
1497 867 1594 916 meam,
1608 869 1660 923 qua
1672 841 1733 928 earss

941 927 1027 983 nalem
1041 929 1195 988 lolicitatcm
1208 937 1324 1006 requiro.
1338 938 1434 994 lerum
1447 940 1504 996 linc
1514 945 1591 997 estin
1607 924 1730 1003 sordidus¹

941 1021 1094 1087 vetustatis,
1103 1030 1130 1076 tu
1144 1034 1232 1087 autem
1243 1027 1339 1095 quoeris
1351 1017 1506 1085 munditiam
1521 1034 1663 1099 nouitatis;
1676 1024 1729 1107 utut

940 1109 1106 1181 exaudiendo
1118 1112 1195 1168 istam
1208 1103 1378 1185 cupiditatem
1393 1121 1532 1191 relinquis,
1542 1125 1604 1193 quia
1615 1125 1731 1181 diariis·

940 1204 993 1252 tem
1008 1200 1033 1254 iu
1044 1202 1222 1271 qualmlrites,
1239 1209 1351 1278 requiris
1368 1228 1374 1263 ε
1389 1211 1506 1266 eluar-itas
1517 1225 1606 1268 autem
1622 1217 1667 1270 liei
1678 1203 1729 1272 oit'

939 1289 1059 1362 funditur
1069 1296 1095 1350 iu
1104 1298 1228 1354 cordibus
1238 1302 1349 1368 nostris,
1358 1305 1404 1358 scd
1417 1320 1464 1372 pec
1473 1303 1599 1373 Spiritum
1608 1318 1730 1365 structum

939 1383 983 1451 qui
995 1382 1073 1438 datus
1089 1395 1132 1440 cst
1150 1387 1228 1444 nuliis
1244 1389 1330 1460 (lions
1345 1407 1377 1458 u,
1393 1393 1432 1464 ὅ).
1446 1394 1508 1449 ldco
1519 1396 1544 1448 iu
1558 1405 1644 1451 cuncto
1656 1385 1731 1452 lroliiss

939 1482 993 1534 tus,
1012 1474 1068 1528 leus
1088 1474 1189 1543 lsrael,
1210 1479 1267 1534 laus
1287 1482 1433 1539 ridentium
1455 1495 1495 1552 te,
1519 1487 1579 1557 quia
1595 1504 1647 1543 non
1662 1479 1732 1550 inco

939 1562 1098 1632 laudantur,
1118 1569 1208 1624 sedin
1231 1579 1266 1626 tc.
1279 1572 1347 1639 Quid
1364 1576 1437 1629 enirn
1457 1576 1555 1632 liabent
1578 1579 1649 1649 quud
1674 1596 1728 1638 unu

939 1666 1099 1726 acceperunt
1122 1658 1143 1729 (1
1159 1659 1218 1714 Cor.
1232 1677 1277 1728 rr,
1294 1664 1320 1735 7)
1337 1664 1391 1719 iut
1411 1667 1455 1736 qui
1472 1667 1725 1738 gloriatur‚iu1)o·

939 1747 1012 1801 mino
1027 1748 1154 1818 qlorictur
1167 1750 1221 1823 (ld.
1233 1768 1251 1818 ι,
1265 1753 1322 1832 il).
1369 1760 1370 1763 ’

942 1824 945 1831 ”
973 1838 1019 1894 iu.
1034 1840 1096 1897 llice
1106 1845 1239 1914 estqmtia
1251 1844 1318 1901 Noui
1329 1847 1492 1904 Testamenti
1508 1867 1514 1902 :
1529 1866 1590 1905 nam
1601 1847 1730 1926 iculi-teri

939 1929 1129 1999 Testamento‚
1145 1936 1251 2004 quaudn
1269 1939 1474 1994 commerciales
1488 1941 1592 1995 nonnisi
1607 1957 1622 1995 a
1638 1952 1663 1997 tc
1677 1924 1731 2023 peti

938 2020 1092 2090 sperarique
1102 2022 1201 2079 uetere
1213 2028 1294 2081 utinm
1305 2029 1388 2097 ipsam
1400 2037 1531 2085 terrenam
1542 2028 1729 2103 lcmporalemff

938 2125 989 2179 quc
999 2110 1159 2178 felicitatum,
1167 2114 1181 2168 1
1185 2133 1200 2168 ιι
1210 2125 1233 2170 le
1241 2130 1402 2185 speraverunt
1413 2130 1496 2190 putres
1506 2123 1601 2185 nostri:
1612 2116 1729 2194 sperare-¹

938 2214 1007 2274 runt,
1019 2206 1128 2260 eteruisti
1137 2209 1236 2262 eosdtl
1245 2210 1458 2279 teclmtuueruut,
1468 2223 1491 2266 cl
1501 2213 1564 2268 sulci
1575 2217 1640 2287 [ticli
1651 2227 1727 2282 suuig

938 2311 964 2348 tn
971 2304 995 2349 tc
1000 2308 1172 2367 speraverunt,
1180 2311 1203 2354 et
1210 2318 1259 2355 uon
1266 2315 1322 2357 sum
1331 2307 1429 2378 censuri
1436 2305 1523 2382 (l'sol.¹
1528 2323 1583 2374 xxi,
1590 2308 1656 2378 5,6).
1667 2294 1728 2366 tttns'

938 2387 1036 2458 quippe
1046 2399 1137 2458 patres
1150 2392 1219 2448 iuter
1235 2394 1354 2450 inimicos
1369 2413 1432 2452 snos
1445 2398 1575 2464 uiuentes,
1587 2408 1614 2454 ct
1628 2384 1728 2458 diuitiis

939 2476 1063 2548 implesti,
1077 2492 1103 2537 ct
1115 2482 1148 2538 alr
1160 2484 1281 2541 liustiltus
1294 2489 1397 2553 eruisti,
1407 2490 1588 2562 gloriosusque
1602 2494 1728 2569 uictorias¹

939 2579 1076 2639 reportare
1086 2571 1182 2640 iecisti,
1197 2585 1224 2630 et
1234 2576 1268 2631 do
1278 2577 1390 2634 diuersis
1400 2596 1447 2635 ctis
1457 2582 1587 2637 mortibus
1600 2583 1728 2640 liberasti.

938 2659 990 2722 Pro
1004 2661 1056 2718 alio
1070 2664 1217 2733 subiecisti,
1233 2682 1267 2722 ne
1282 2667 1416 2737 feriretur,
1431 2672 1540 2726 arietem
1560 2672 1635 2742 (Gerr.
1652 2690 1728 2741 xxu,

938 2747 994 2820 t5).
1006 2752 1094 2808 lilium
1107 2754 1141 2810 dc
1155 2757 1293 2824 putredine
1308 2775 1413 2826 santum,
1428 2770 1455 2816 et
1465 2763 1489 2815 ei
1501 2762 1580 2833 dupin
1592 2779 1650 2834 qum
1662 2746 1730 2819 amiss

939 2851 1012 2905 serat
1034 2844 1174 2900 reddidisti
1188 2845 1259 2917 (lot.
1272 2864 1343 2916 surr,
1363 2850 1417 2920 td).
1440 2852 1527 2907 illium
1548 2854 1616 2908 inter
1639 2854 1730 2911 leones

936 2933 1085 2990 esurientes
1100 2937 1213 2992 tttaesnm
1232 2940 1417 3013 integrumque
1437 2945 1547 3000 serrasti
1566 2945 1647 3018 (datr.
1663 2962 1728 3015 ιιι,

936 3023 1037 3095 idid).
1052 3027 1171 3082 Aliorum
1191 3029 1261 3084 inter
1273 3030 1394 3087 llammas
1412 3033 1638 3090 dcurtdrulnutium
1653 3046 1729 3107 grata

936 3128 1002 3169 voce
1025 3116 1147 3173 laudatus
1174 3133 1204 3174 cs
1226 3119 1468 3192 (1ιι.ιιι,95-90).
1491 3124 1557 3178 Tale
1578 3126 1675 3194 aliquid
1700 3127 1728 3186 iu

935 3203 1045 3259 Cltristo
1067 3209 1258 3276 exspectabunt
1271 3210 1327 3264 lieri
1341 3211 1443 3278 ludmi,
1457 3212 1527 3267 uude
1551 3215 1692 3281 proluerent
1704 3199 1727 3272 si

935 3312 997 3352 rere
1011 3298 1093 3353 Filius
1113 3300 1160 3354 Dei
1183 3308 1265 3355 essct.
1285 3303 1325 3356 Ex
1342 3318 1435 3357 corum
1450 3320 1562 3372 persona
1579 3316 1605 3360 et
1618 3307 1644 3360 in
1660 3306 1728 3362 lilrro

935 3389 1077 3459 Sapientior
1090 3392 1186 3447 dicitur
1201 3409 1208 3446 ι
1227 3392 1311 3448 llorte
1324 3395 1469 3464 turpissime
1485 3396 1679 3452 coudeumemus
1693 3399 1727 3453 il·

934 3481 989 3534 lum
1002 3495 1011 3533 :
1025 3481 1071 3534 erit
1085 3482 1152 3535 enim
1170 3492 1297 3552 respectus
1309 3483 1335 3537 in
1348 3484 1502 3538 sermonibus
1515 3486 1604 3555 ipsius.
1616 3487 1647 3542 Si
1659 3489 1725 3547 euim

933 3586 1005 3624 uerus
1017 3572 1024 3604 ¹
1038 3571 1086 3626 dei
1101 3573 1184 3627 littus
1198 3582 1246 3639 est,
1261 3575 1378 3644 suscipiet
1391 3591 1448 3628 cunt
1461 3586 1485 3629 et
1499 3578 1613 3631 liderclit
1626 3595 1682 3632 eum
1694 3580 1727 3636 de

932 3664 1047 3717 inutilius
1066 3666 1262 3718 contrariorum.
1284 3664 1366 3729 llice,
1389 3666 1492 3736 iuquit,
1514 3669 1685 3739 coqitoueruul
1703 3683 1727 3744 ι)

932 3765 1076 3810 errurcrurrt
1092 3771 1101 3810 :
1115 3758 1248 3811 excercuit
1261 3759 1328 3811 euim
1339 3774 1380 3813 coc
1395 3759 1491 3813 molitio
1504 3776 1591 3814 eorum
1605 3761 1682 3832 (Sap.
1694 3779 1724 3829 tt,

933 3851 967 3904 ts
983 3849 1041 3921 il).
1065 3849 1241 3906 Attendentos
1261 3851 1358 3921 quippo
1381 3861 1484 3922 tempus
1506 3853 1611 3909 Veteris
1632 3855 1726 3911 Testa-

930 3943 1024 4007 menti,
1038 3951 1062 3996 et
1080 3942 1151 3996 illam
1166 3952 1268 4010 patrum
1282 3943 1361 3997 ctiam
1374 3944 1546 4012 temporalem
1559 3943 1723 4012 lelicicrtem,

932 4033 957 4087 iu
970 4049 1020 4103 qua
1035 4033 1087 4087 itis
1099 4031 1248 4088 exhibenda
1264 4018 1456 4089 demonstrarit
1476 4037 1545 4092 licus
1568 4038 1646 4092 otiam
1663 4039 1724 4095 tnlia

930 4123 1000 4178 dous
1021 4139 1068 4179 sua
1084 4139 1162 4191 esso,
1184 4140 1237 4179 nou
1261 4124 1385 4180 uiderunt
1398 4126 1453 4195 jam
1471 4142 1531 4183 csse
1546 4137 1650 4199 tempus
1668 4145 1722 4200 quo

928 4215 1094 4270 revelaretur
1117 4216 1143 4270 iu
1167 4213 1275 4272 Christo
1295 4217 1364 4272 botta
1386 4228 1484 4273 mterna
1507 4221 1613 4290 proprie
1638 4223 1720 4278 Derim

928 4311 1056 4372 prestare
1081 4304 1177 4373 iustis,
1194 4306 1252 4382 qui
1280 4305 1350 4361 uuna
1382 4309 1537 4377 temporalia
1562 4320 1671 4381 prestat
1695 4323 1723 4370 ut

927 4395 1027 4464 impiis·
1432 4463 1434 4467 ,

962 4484 1076 4542 untur
1091 4485 1248 4542 titt-its
1258 4487 1375 4558 Denique
1385 4503 1445 4544 cum
1456 4489 1574 4557 dixisset,
1586 4491 1618 4547 lu
1630 4503 1721 4566 respe-

927 4587 1044 4645 ruucrunt
1059 4587 1142 4649 putres
1156 4579 1252 4642 uestri,·
1266 4588 1447 4648 speraveram,
1468 4584 1593 4638 eteruisti
1611 4603 1662 4639 eos.
1680 4587 1720 4641 dd

926 4677 950 4721 tc
961 4669 1143 4734 cluuuruerurtt,
1156 4677 1179 4722 cl
1191 4663 1256 4722 mlii
1270 4670 1332 4739 socii
1347 4679 1421 4734 curti,
1435 4672 1461 4724 ιἰι
1476 4682 1500 4725 te
1509 4686 1680 4741 sperauerant,
1695 4688 1719 4731 ct

926 4777 975 4813 ruorr
992 4769 1052 4813 ιιιιιι
1072 4760 1187 4830 conlusit
1209 4759 1269 4814 ride
1289 4761 1353 4830 qttid
1373 4763 1716 4842 urljuurrerit1llqoeutma

924 4867 981 4902 sum
991 4851 1081 4904 vermis
1093 4859 1116 4904 et
1125 4866 1176 4905 non
1186 4851 1271 4914 lucrio.
1281 4851 1357 4918 Quod
1369 4853 1473 4908 uidetur
1483 4855 1591 4924 quidem
1601 4858 1635 4911 ad
1644 4874 1718 4916 com·

922 4940 1101 4995 nrcndrndum
1122 4940 1300 4996 humilitatem
1320 4942 1477 5011 simplicitur
1500 4944 1618 5010 dictum,
1641 4958 1670 5003 ut
1687 4966 1717 5008 uc

922 5031 952 5084 iu
966 5030 1049 5087 oculis
1064 5031 1297 5101 persequentium,
1316 5032 1525 5102 dilectissimum
1546 5038 1671 5106 quiddam
1688 5049 1718 5113 tii

923 5122 1182 5192 cnrrtemptissiroum
1204 5122 1421 5180 demonstraret:
1437 5127 1564 5183 sednon
1589 5139 1632 5185 cst
1648 5147 1715 5188 con-

921 5215 1066 5271 temnenda
1086 5215 1199 5270 altitudo
1220 5217 1316 5272 secreti
1336 5215 1556 5290 profundiusque
1574 5222 1715 5295 mysterii,

923 5308 1071 5378 presertim
1087 5308 1113 5363 iu
1127 5309 1168 5364 cis
1180 5307 1278 5373 uerbis,
1297 5324 1358 5379 qum
1371 5317 1444 5364 latmo
1457 5310 1588 5367 Sall-mom
1603 5313 1631 5369 in
1644 5331 1715 5385 prte-

921 5400 1053 5455 dicatiouc
1064 5400 1210 5472 prophetia
1224 5407 1392 5468 emptantur.
1410 5399 1499 5456 [lictus
1518 5411 1560 5458 est
1574 5402 1637 5460 huie
1650 5419 1711 5463 sco·

922 5508 967 5548 sus
978 5488 1189 5563 clegnrliissimus
1199 5506 1216 5545 a
1227 5491 1360 5560 prioribus
1372 5488 1419 5564 (ιι),
1433 5491 1493 5549 ldoo
1505 5508 1534 5548 sc
1545 5493 1594 5550 ltoc
1606 5497 1713 5554 uotttitre

953 5621 1040 5678 titud..
1053 5620 1213 5674 siminorum
1226 5629 1276 5671 uer.
1289 5628 1342 5673 tiss.
1355 5635 1449 5681 omnes,
1461 5635 1532 5675 cerus

952 5688 988 5752 (ιι)
1004 5686 1060 5749 ltig.
1072 5685 1135 5734 ltout.
1151 5685 1177 5734 td
1189 5685 1213 5734 in
1224 5691 1289 5748 luc„
1298 5686 1398 5744 etquis.
1408 5687 1434 5736 itt
1443 5685 1573 5753 lttmoqstd.
