3906 6390
222 292 274 356 tit

222 417 298 468 erant
309 403 449 478 episcopis,
460 399 669 457 manifestissima
678 395 789 451 erirnina
804 388 1005 462 beoludieauda

224 501 333 564 tinnit,
346 508 425 567 atque
437 496 472 550 ita
483 494 539 570 paci
551 489 717 563 prospexisse
729 488 800 542 rbus
811 493 865 551 est;
875 482 946 554 quod
958 480 1006 535 tut-

222 605 281 647 anrn
294 594 360 649 erat,
374 599 434 640 eum
448 582 497 638 sibi
509 580 684 652 prospexerit.

257 682 284 738 l.
304 681 371 737 liam
385 680 407 735 si
425 679 452 733 in
466 677 523 747 eius
542 674 621 730 corde
635 670 759 743 cogitatio
773 669 845 739 pacis
859 666 1004 730 habitaret,

222 787 275 831 non
288 769 358 842 apud
371 765 556 837 Carthaginem
570 772 660 833 postea
673 776 733 817 cum
747 756 926 820 traditoribus,
939 767 1006 822 quos

222 869 367 934 preserttes
386 867 465 928 atque
481 856 618 910 confessos
632 852 687 906 boo
703 848 854 912 dimiserat,
869 845 1007 900 damnaret

222 952 334 1010 crlmim
347 947 509 1011 traditionis,
534 960 600 1014 quos
622 943 745 997 absentet
765 936 833 1007 apud
850 951 910 991 euru
929 948 1007 988 ricino

222 1043 382 1100 eourteerat.
402 1037 488 1092 lartio
508 1033 591 1104 magis
614 1033 684 1087 enlm
701 1030 795 1085 timere
807 1024 898 1081 debuit
910 1037 944 1078 ne
956 1037 1006 1092 par

224 1130 332 1189 unimus
346 1127 498 1192 violaretur,
511 1133 610 1195 quanto
623 1129 680 1176 crat
692 1118 824 1186 Carthago
844 1116 936 1172 civitas
949 1129 1007 1167 arrr-

225 1222 268 1293 pla
279 1232 308 1277 et
320 1216 438 1283 illustria,
452 1215 523 1270 unde
535 1228 563 1268 se
575 1227 623 1283 per
637 1219 719 1266 totum
734 1208 827 1263 birine
840 1218 937 1275 corpus
949 1218 1007 1258 ma·

224 1312 279 1366 lum
291 1308 361 1380 qnod
374 1306 409 1361 ibi
420 1313 491 1361 esset
503 1311 635 1364 exortum,
648 1309 771 1368 tanquam
784 1312 799 1351 a
812 1296 910 1351 vertice
922 1294 1003 1348 cilon-

223 1406 308 1463 derei.
327 1400 390 1454 Erat
406 1394 485 1450 etlam
504 1388 688 1447 transmarinis
706 1388 790 1444 vicina
811 1385 961 1457 regionibus
980 1387 1009 1450 et

223 1496 294 1552 lama
311 1486 483 1548 celeberrima
496 1482 610 1538 nobilis:
623 1480 692 1536 unde
704 1494 757 1535 non
770 1479 908 1535 mediocris
919 1481 1008 1550 utique

223 1580 387 1643 auctoritatis
397 1578 511 1635 babebat
519 1576 681 1647 episcopum,
694 1573 738 1645 qui
751 1582 840 1642 posset
850 1585 901 1626 nou
914 1585 1008 1626 curare

224 1675 420 1746 conspirantem
435 1666 627 1724 multitudinem
638 1664 813 1729 inimicorum,
825 1677 885 1717 cum
899 1674 929 1716 se
941 1659 1008 1716 ride

224 1773 266 1823 ret
279 1772 307 1820 et
318 1763 446 1819 Romanae
462 1756 605 1823 Ecclesia,
625 1755 651 1809 iu
667 1768 717 1824 qua
738 1767 843 1823 semper
858 1751 1008 1823 apostolice

225 1856 358 1914 eatbddrar
370 1853 452 1925 viguit
465 1849 644 1922 principatus,
662 1854 690 1902 et
704 1845 808 1901 ceteris
821 1843 916 1908 terris,
938 1842 1009 1897 uude

228 1944 397 2017 Evangelium
408 1941 440 1996 ad
454 1941 536 2012 ipsam
549 1938 662 1994 liricant
673 1935 754 1999 venit,
769 1949 818 2006 per
828 1930 1007 1989 communica·

226 2035 308 2093 torias
319 2034 419 2090 litteras
431 2045 490 2086 esse
499 2028 678 2099 conjunctum,
690 2026 734 2080 ubi
746 2031 853 2094 paratus
861 2029 932 2078 esset
943 2035 1007 2076 cau-

226 2140 283 2182 sam
296 2139 369 2180 suam
380 2123 481 2186 dicere,
496 2119 519 2174 si
531 2115 674 2173 adversarii
688 2115 746 2185 ejus
759 2112 793 2169 ab
807 2126 839 2168 eo
849 2113 908 2168 illas
921 2110 1010 2167 Eccle-

225 2215 279 2271 sias
293 2214 408 2268 alienare
429 2215 598 2265 conarentur.
613 2203 680 2274 Quia
702 2217 765 2273 ergo
776 2201 867 2258 tenire
879 2202 962 2257 noluit
974 2200 1014 2256 ad·

227 2294 370 2372 bospitium
380 2299 548 2369 collegamn,
562 2307 652 2366 quesn
666 2291 721 2348 suis
731 2290 844 2347 inimicis
855 2300 947 2345 contra
960 2305 1008 2345 re·

224 2391 329 2447 ritatem
343 2404 398 2444 sun
412 2402 498 2443 causae
509 2398 646 2456 perversos
658 2397 718 2439 esse
730 2381 859 2438 sentiebat
869 2382 910 2438 rel
923 2382 1008 2452 sospi-

227 2479 346 2543 eabutur,
357 2478 409 2544 rel,
422 2485 452 2530 ut
464 2475 515 2547 ipsi
528 2480 658 2538 assenrnt,
674 2470 823 2538 simulabat,
839 2479 912 2526 tanto
925 2469 1008 2541 magis

226 2567 376 2634 Secundus,
389 2565 411 2619 si
425 2579 496 2620 rere
508 2565 580 2634 pacis
591 2571 681 2617 custos
693 2574 753 2616 esse
764 2559 897 2625 coluisset,
913 2574 1008 2615 carcre

226 2655 320 2714 debuit
340 2669 374 2709 ne
388 2653 576 2708 damnarentur
587 2650 726 2716 absentes,
741 2649 785 2720 qui
803 2648 902 2718 judicio
915 2662 1008 2703 eurum

226 2746 334 2802 omniuo
346 2746 473 2801 iuteresse
490 2743 639 2798 noluerunt.
661 2739 751 2808 licque
768 2739 838 2794 enim
852 2739 885 2794 de
898 2739 1009 2809 presby·

226 2835 292 2891 teris
301 2843 347 2890 aut
355 2833 472 2889 diaconis
483 2840 529 2887 aut
541 2830 671 2886 iulerloris
682 2828 782 2884 ordinis
793 2827 904 2894 clericis,
916 2827 963 2883 scd
974 2828 1009 2883 de

226 2924 336 2996 collegis
347 2922 482 2996 agebatur,
497 2921 542 2993 qui
552 2928 660 2991 possent
675 2919 786 2974 aliorum
797 2917 1007 2988 cottegammju-

224 3016 305 3083 dicio,
322 3013 467 3086 presertim
479 3010 684 3084 apostolicarum
697 3008 884 3074 Ecclesiamm,
901 3018 1007 3063 causam

226 3122 301 3162 suam
318 3091 447 3178 intcg'ram
462 3116 613 3170 reservare3
629 3100 675 3156 ubi
695 3107 785 3155 eontra
804 3112 851 3154 eos
870 3095 1008 3153 sententiaa

224 3194 337 3251 dictaein
348 3189 650 3261 absentes,nullornodo
660 3188 756 3261 aliquid
767 3188 893 3254 ualerent,
904 3187 1008 3258 quaudo

226 3300 317 3342 eorum
337 3284 464 3356 judicium
483 3298 535 3337 non
556 3281 641 3354 primo
665 3278 763 3336 aditum
779 3287 869 3349 postea
883 3278 1009 3334 deserue-

225 3372 296 3442 runt,
310 3376 357 3433 sed
373 3384 524 3447 suspectum
544 3387 648 3444 semper
661 3372 778 3429 babiturn
792 3386 924 3443 uunquam
934 3371 1008 3427 adire

223 3468 371 3524 aduerunt.

261 3558 290 3612 8.
302 3557 365 3612 lice
378 3568 422 3610 res
434 3555 547 3610 maxime
557 3554 698 3609 sollicitare
706 3553 796 3609 debuit
805 3549 1007 3621 Secundumqul

225 3653 289 3700 tunc
306 3651 364 3698 erat
385 3642 494 3716 primas,
508 3643 530 3696 si
544 3652 682 3711 propterea
697 3640 837 3694 concilium
851 3640 967 3710 regebat,
978 3647 1007 3692 ut

225 3734 283 3804 paci
293 3733 457 3798 consuleret;
468 3730 544 3788 lucile
555 3731 626 3786 enirn
636 3731 755 3786 fortassis
767 3730 858 3785 rabida
871 3732 897 3785 in
910 3730 1007 3783 absen-

226 3830 266 3878 tes
277 3837 323 3876 ora
344 3821 446 3891 placata
460 3821 503 3876 rel
524 3820 623 3875 frenata
640 3819 835 3890 comprimeret,
849 3820 871 3874 si
884 3819 983 3874 diecret
998 3836 1004 3874 :

227 3911 337 3977 Videtis,
353 3909 457 3975 iratres,
473 3917 533 3980 post
552 3918 650 3963 tantam
670 3918 783 3978 stragem
805 3908 1004 3979 persecutionis,

227 3999 408 4058 misericordia
420 3999 465 4055 bei
479 4014 494 4055 a
505 3999 666 4072 principibus
678 3998 766 4053 saeculi
777 4013 866 4068 pacem
875 4012 1006 4053 esseron·

225 4106 345 4159 ccssam;
360 4106 412 4147 non
431 4091 558 4147 debemus
570 4104 619 4145 noa
629 4089 762 4145 cinisiiani
776 4098 803 4144 et
816 4087 931 4158 episcopi
945 4086 1006 4142 turri·

224 4173 306 4240 tatem
316 4183 480 4256 disrumpere
489 4182 668 4249 christianam,
679 4196 757 4252 quant
766 4180 821 4251 jam
829 4195 944 4251 paganus
953 4197 1005 4236 nuru

225 4275 372 4347 insequitur
392 4272 631 4342 inimicissimique
653 4280 697 4326 aut
718 4271 781 4326 istas
794 4283 888 4326 omnes
901 4284 1004 4337 causas,

222 4381 291 4436 quas
303 4366 391 4421 clades
402 4363 619 4421 turbulentissimi
630 4363 755 4434 temporis
764 4361 856 4417 indixit
867 4363 1005 4430 Ecclesiae,

225 4456 281 4512 beo
291 4456 372 4525 judici
384 4457 547 4511 dimittamus
559 4469 567 4509 ι
578 4462 622 4508 etit
633 4454 655 4509 si
668 4453 748 4523 aliqui
761 4451 788 4507 in
801 4453 875 4507 robis
887 4461 948 4506 snut
961 4452 1004 4522 qui

225 4552 297 4602 certa
309 4545 417 4601 istorum
431 4544 539 4600 eriuriua
551 4545 586 4598 ita
596 4544 727 4609 noverint,
735 4551 801 4597 ntea
814 4541 890 4598 lacile
903 4542 1006 4598 ualeant

225 4634 347 4700 edocere,
362 4644 539 4704 negantesque
556 4633 723 4701 corrriueerc,
736 4641 764 4688 ct
778 4633 873 4688 talibus
884 4647 1005 4687 commu·

226 4718 480 4791 emmerammum,
496 4730 601 4795 pergant
617 4723 650 4778 ad
668 4721 764 4779 iratres
783 4733 808 4778 et
828 4723 941 4794 collegas
955 4713 1005 4778 trit-

226 4825 297 4873 stros
318 4816 550 4872 transmarinarum
573 4813 752 4871 Ecclesiamm
769 4815 916 4887 episcopos,
930 4825 957 4871 et
969 4815 1005 4870 ibi

225 4902 298 4980 prius
310 4907 344 4964 de
363 4908 472 4964 istorum
488 4905 562 4962 laetis
575 4917 602 4964 et
621 4909 783 4964 contumacia
798 4922 1003 4981 conquerantur,

184 4983 189 4992 ¹
225 4999 296 5072 qnod
308 4999 478 5071 adjudicium
492 4999 651 5071 collegarum
663 5000 786 5056 dirorum
799 5002 869 5058 male
880 5003 931 5059 sibi
941 5019 1005 5059 cou-

225 5093 274 5150 scli
287 5093 377 5149 venire
395 5093 546 5158 noluenrnt‚
560 5102 588 5147 ut
601 5091 662 5148 iude
674 5092 726 5148 illis
738 5089 906 5150 denuntietur
920 5104 948 5150 ut
960 5111 1004 5151 re·

225 5184 308 5245 nbat.
323 5184 411 5254 ibique
424 5183 535 5252 obiectis
548 5181 733 5251 respondeant.
747 5182 822 5250 Quod
834 5183 858 5238 si
871 5199 923 5238 uon
936 5184 1005 5240 leec-

225 5272 290 5338 rint,
304 5271 338 5325 ibi
351 5273 430 5326 ctiam
445 5287 536 5327 eorum
557 5271 673 5341 pravitas
690 5277 719 5326 et
728 5272 886 5343 perversitas
900 5274 1004 5330 innote-

224 5369 289 5426 scet,
305 5360 437 5430 missaque
451 5361 704 5432 tractatoria¹super
722 5378 813 5419 eurtum
833 5368 939 5424 nomine
957 5385 1006 5440 per

254 5493 364 5540 ¹tn1ss.
376 5489 476 5561 aliquot,
487 5492 675 5557 tractemque
686 5494 864 5547 blonlbilailud
876 5507 915 5550 est
933 5513 1005 5562 qnam

223 5551 343 5622 perdica
355 5550 468 5612 epistola.
486 5559 655 5617 nonnunquam
620 5505 763 5606 quaeirerod
757 5567 893 5610 testoma
933 5513 1005 5612 line

225 5612 358 5665 evmboms
367 5611 519 5671 usurpandae
528 5567 756 5666 ottonomtanumr·
781 5628 820 5670 cto
837 5620 866 5671 ad
918 5623 1005 5674 larium

830 271 859 336 S.
881 274 1061 336 sbcbsrtttt
1079 277 1227 339 EPssCOl‘l

1791 295 1841 352 tet

1058 398 1141 447 totum
1156 395 1246 450 orbern
1260 403 1399 467 terrarum,
1415 415 1580 473 quacumque
1595 403 1649 473 jam
1669 403 1767 460 Cbrlsti
1786 407 1840 462 Ec·

1057 482 1137 537 etesia
1150 484 1228 538 dilata
1240 495 1291 554 est,
1306 489 1340 543 ab
1348 491 1470 546 omnibns
1483 492 1608 548 Ecclesiis
1617 509 1708 548 eorum
1720 509 1841 551 eommu-

1058 572 1102 626 uio
1115 574 1280 642 praecidetur,
1297 578 1518 648 neallqniaerror
1529 581 1554 636 itt
1569 581 1697 637 Catbrdra
1712 583 1841 640 Ecclesia

1057 657 1222 733 samiraginis
1242 666 1351 721 ematur.
1364 668 1432 724 Tum
1451 668 1558 725 demum
1578 672 1664 726 securi
1685 672 1840 744 episcopum

1057 751 1136 805 alium
1150 753 1219 822 plebi
1232 755 1397 827 Carthaginis
1411 759 1600 826 ordinabimus,
1616 777 1675 816 cum
1688 778 1704 816 a
1718 771 1773 818 tota
1787 766 1841 819 Fe·

1057 842 1136 896 elesia
1155 841 1198 898 isti
1219 845 1315 900 iuerirrt
1336 848 1510 917 separadrne
1524 849 1591 905 forto
1608 865 1668 907 eum
1682 852 1841 910 aliusmodo

1057 931 1137 988 luerit
1156 934 1301 1001 ordinatus,
1320 950 1374 992 non
1395 939 1420 993 ei
1438 942 1647 995 communicetur
1668 942 1703 997 ab
1723 943 1840 999 Ecclesia

1059 1024 1244 1089 transmarina,
1257 1025 1317 1095 quia
1330 1027 1380 1083 iste
1393 1029 1426 1083 ab
1438 1027 1538 1084 bonore
1551 1030 1687 1100 depositus
1699 1047 1752 1088 non
1766 1034 1842 1090 ride·

1059 1109 1139 1174 bitur,
1155 1126 1233 1180 quern
1251 1112 1306 1182 jam
1325 1114 1473 1170 ordinatum
1493 1116 1562 1172 lama
1582 1119 1739 1186 celebrarit,
1760 1123 1840 1178 etad

1058 1215 1119 1256 eum
1133 1217 1282 1259 commeare
1295 1207 1541 1263 communicatorias
1552 1209 1654 1266 litteras
1668 1210 1746 1276 lecit;
1760 1221 1841 1282 atque

1059 1288 1096 1343 ita
1113 1305 1235 1360 magnum
1258 1293 1409 1349 scandalum
1429 1295 1578 1352 sebismatis
1592 1298 1618 1351 in
1631 1298 1730 1355 cointe
1740 1299 1840 1355 Cbristi

1057 1378 1111 1448 jam
1126 1381 1225 1449 paratis
1238 1384 1400 1451 temporibus
1412 1385 1521 1452 oriatur,
1533 1385 1596 1440 dum
1612 1402 1777 1458 praepropere
1788 1406 1841 1445 no-

1059 1480 1128 1525 stras
1142 1472 1262 1527 volumus
1280 1475 1446 1545 praecipitare
1466 1477 1621 1543 sententias,
1635 1486 1661 1532 et
1676 1494 1728 1532 uon
1746 1490 1840 1534 contra

1059 1560 1238 1629 cecilianum,
1252 1563 1299 1619 sed
1310 1574 1401 1620 contra
1418 1567 1510 1623 orbem
1524 1576 1664 1635 terrarum,
1682 1570 1727 1639 qui
1746 1571 1772 1624 ei
1792 1586 1841 1642 prr

1060 1650 1233 1721 ignorantiam
1248 1655 1432 1723 communicat,
1443 1656 1528 1714 altare
1546 1659 1657 1714 alterum
1675 1660 1777 1731 erigere
1789 1674 1839 1714 au-

1058 1742 1176 1798 dcamus.

1094 1830 1121 1887 9.
1137 1832 1203 1888 lloie
1217 1842 1271 1889 tam
1290 1851 1355 1892 sano
1369 1846 1492 1910 rectoque
1504 1839 1615 1897 contiio
1626 1839 1745 1912 quisquis
1756 1840 1839 1896 iube·

1059 1919 1102 1974 nis
1121 1922 1304 1993 obtemperare
1324 1926 1465 1995 noluisset,
1478 1928 1540 1997 quid
1560 1937 1632 1984 essct
1650 1929 1782 1985 iacturas!
1795 1942 1841 1984 aut

1059 2013 1192 2082 quomodo
1215 2016 1328 2086 aliquem
1349 2018 1496 2075 absentium
1518 2020 1676 2091 collegamm
1697 2030 1768 2076 meet
1790 2020 1840 2075 da-

1060 2111 1206 2170 mnaturus,
1215 2120 1275 2162 cnm
1286 2107 1312 2163 in
1320 2117 1449 2178 potestate
1463 2111 1527 2166 leta
1540 2111 1643 2167 concilii
1656 2127 1709 2167 non
1720 2111 1839 2174 baberet,

1059 2195 1255 2252 contradicente
1266 2197 1396 2266 primate?
1407 2198 1511 2266 Quodsi
1526 2210 1597 2256 tanta
1610 2201 1775 2258 etadrersus
1784 2203 1839 2271 pri-

1060 2300 1131 2339 rnam
1144 2285 1233 2341 sedern
1252 2287 1346 2343 seditio
1362 2299 1524 2357 nasceretur,
1540 2299 1568 2346 ut
1580 2293 1700 2371 nonnulli
1713 2294 1840 2350 damnare

1057 2377 1112 2448 jam
1124 2379 1221 2435 vellent
1234 2395 1302 2451 quos
1314 2381 1419 2438 solebat
1434 2383 1480 2438 ille
1490 2384 1600 2450 differri,
1609 2395 1707 2456 quanto
1719 2387 1813 2443 melius
1825 2404 1840 2440 a

1060 2469 1154 2525 talibus
1165 2471 1280 2542 inquieta
1294 2482 1322 2529 et
1338 2472 1465 2545 impacata
1485 2476 1662 2543 molientibus,
1677 2493 1755 2548 quarn
1769 2494 1785 2533 a
1798 2489 1839 2533 to·

1059 2558 1112 2614 tius
1132 2560 1204 2631 orbis
1227 2563 1412 2620 communione
1433 2564 1635 2622 dissentiretur?
1650 2564 1702 2622 Sed
1715 2566 1839 2638 quianon

1060 2659 1135 2706 eraut
1154 2667 1214 2722 quae
1234 2651 1261 2707 in
1283 2653 1450 2713 Caecilianum
1467 2665 1494 2712 et
1506 2657 1672 2714 ordinatores
1683 2660 1742 2732 ejus
1754 2668 1840 2715 trans-

1060 2739 1267 2812 marlnojudloio
1276 2745 1460 2814 probarentur,
1477 2758 1614 2817 propterea
1627 2765 1677 2805 nec
1689 2751 1839 2821 priusquam

1060 2830 1087 2884 in
1106 2845 1167 2886 eum
1189 2835 1333 2889 sententias
1356 2835 1484 2905 dicerent,
1500 2837 1775 2904 deferrenolucrunt,
1790 2856 1840 2897 nee

1061 2930 1229 2992 posteaquam
1243 2923 1375 2990 dixerunt,
1388 2939 1587 2997 perseueranter
1601 2928 1626 2984 id
1646 2944 1723 3000 agere
1741 2940 1770 2985 ut
1791 2933 1841 2987 Ec·

1059 3010 1147 3066 elesiae
1162 3015 1343 3070 transmarinae
1361 3015 1388 3071 in
1408 3018 1525 3072 notitiam
1543 3018 1712 3088 perferretur,
1728 3036 1839 3091 quorum

1059 3101 1214 3157 traditorum
1235 3103 1262 3159 ln
1281 3104 1368 3161 sirica
1382 3107 1564 3163 damnatorum
1575 3109 1785 3165 communionem
1799 3111 1839 3163 ri-

1060 3199 1116 3245 tare
1129 3190 1247 3248 deberet.
1261 3194 1327 3262 Quia
1339 3196 1362 3250 si
1376 3195 1402 3251 ld
1417 3194 1505 3252 lacere
1518 3197 1703 3265 mutavissent,
1716 3198 1840 3255 adessent

1058 3281 1312 3342 sibiCcccilinnuset
1324 3287 1428 3355 cami,
1442 3296 1469 3343 et
1488 3303 1562 3343 suam
1583 3303 1689 3345 canmrn
1712 3288 1839 3345 adsersus

1058 3370 1167 3429 fallaces
1181 3373 1376 3443 criminatores,
1389 3374 1459 3446 apud
1473 3378 1662 3433 transmarinos
1680 3379 1840 3436 ecclesiasti·

1058 3479 1105 3521 cos
1114 3465 1217 3536 judices
1229 3465 1426 3538 diligentissima
1439 3467 1602 3525 discussione
1617 3481 1768 3542 purgarent.

1094 3552 1390 3626 aerumnosarum
1411 3555 1478 3611 illud
1495 3572 1647 3628 perversum
1665 3570 1744 3630 atque
1764 3558 1838 3614 nala·

1058 3642 1135 3708 rium,
1149 3646 1263 3701 maxime
1272 3646 1423 3703 utereditur
1436 3648 1589 3704 traditorum
1602 3648 1660 3715 luit,
1670 3649 1765 3721 quibus
1776 3666 1840 3705 crin·

1057 3732 1136 3789 sessis
1148 3735 1284 3793 Secundus
1295 3738 1454 3810 Tigisitnnus
1465 3739 1601 3812 ignoverat
1612 3726 1660 3797 :ut
1670 3742 1792 3814 quoniam
1806 3744 1839 3798 do

1059 3827 1198 3883 traditione
1213 3828 1279 3883 lama
1291 3833 1453 3898 crebruerat,
1466 3833 1661 3890 iuriamatisaliis
1673 3847 1688 3888 a
1699 3845 1839 3890 scatente·

1059 3925 1117 3971 rent
1131 3918 1319 3988 suspicionem,
1334 3931 1361 3976 ct
1374 3937 1433 3976 cunr
1442 3922 1563 3978 bonriues
1570 3939 1617 3993 per
1628 3923 1744 3979 biricam
1758 3933 1836 3979 tobim

1058 4007 1197 4063 credentes
1209 4008 1349 4079 episcopis,
1366 4010 1429 4066 irrisa
1449 4011 1483 4066 de
1503 4012 1687 4069 innocentibus
1699 4014 1839 4086 loqueren-

1058 4104 1110 4164 tur,
1119 4096 1189 4169 quod
1197 4098 1312 4155 damnati
1320 4102 1483 4172 csscutapud
1493 4101 1675 4174 (brtbagirrcm
1687 4104 1836 4168 traditores,

1059 4196 1181 4257 tarrqnam
1205 4189 1232 4242 in
1252 4191 1346 4246 nebula
1368 4192 1561 4249 mendacissimi
1582 4195 1704 4256 nutritoris.
1723 4193 1772 4264 ipsi
1792 4195 1836 4264 qui

1058 4292 1121 4332 uere
1133 4279 1296 4335 tradiderant
1309 4281 1449 4336 latitarent.
1463 4280 1540 4338 Unde
1558 4283 1661 4345 ridetis,
1678 4283 1835 4347 etiamsturt,

1058 4367 1114 4423 lieri
1127 4369 1254 4438 potuisse,
1266 4370 1336 4440 quod
1357 4371 1497 4427 uerisimile
1516 4387 1568 4426 non
1587 4387 1647 4428 esse
1666 4372 1770 4444 quidam
1789 4389 1835 4428 re·

1056 4465 1140 4512 strum
1153 4456 1286 4525 dicebant,
1298 4468 1329 4514 ut
1341 4461 1384 4528 qui
1398 4469 1487 4516 essem
1502 4461 1537 4517 de
1556 4477 1602 4517 sna
1618 4461 1756 4518 traditione
1773 4476 1837 4518 con·

1058 4543 1139 4613 lessi,
1161 4560 1321 4618 causamque
1340 4562 1414 4603 suam
1437 4549 1647 4621 impetravissent
1666 4550 1721 4606 beo
1742 4551 1837 4606 dimitti

1057 4643 1191 4703 oportere,
1206 4636 1286 4690 iidem
1297 4638 1400 4706 judices
1413 4639 1632 4711 dauruutoresque
1644 4650 1767 4712 tanquam
1786 4654 1839 4698 tra-
1866 4676 1872 4689 ·

1056 4725 1170 4782 ditornm
1189 4728 1335 4784 absentium
1355 4738 1445 4799 postea
1464 4730 1655 4788 consedissent.
1670 4733 1752 4805 lingis
1767 4735 1838 4790 entim

1058 4817 1171 4888 amplexi
1188 4828 1248 4874 suttt
1264 4822 1500 4892 occasionemque
1514 4833 1622 4892 possent
1632 4824 1697 4879 alios
1710 4823 1775 4879 ialsa
1787 4827 1839 4880 cri·

1056 4909 1201 4965 minatione
1213 4909 1381 4981 pertundere,
1389 4921 1417 4969 et
1427 4927 1569 4970 conversas
1578 4914 1604 4969 iu
1615 4928 1662 4970 eos
1675 4915 1776 4987 linguas
1789 4917 1838 4971 bo·

1056 4997 1156 5055 mluum
1169 4998 1203 5055 ab
1219 5000 1386 5071 inquisitione
1399 5002 1538 5058 criminum
1556 5018 1664 5060 suorum
1688 5005 1740 5062 boc
1760 5006 1839 5062 modo

1056 5088 1199 5145 declinare.
1213 5090 1335 5162 titoqutu
1345 5092 1367 5147 si
1380 5091 1436 5148 lleri
1449 5107 1502 5148 non
1513 5103 1640 5164 possatut
1650 5096 1839 5167 quisquemala

1056 5194 1115 5250 que
1136 5181 1192 5251 ipsc
1206 5183 1393 5250 committeret,
1412 5183 1438 5238 in
1450 5184 1503 5240 alio
1513 5184 1655 5257 judiearet,
1670 5203 1722 5244 tion
1740 5188 1840 5243 diceret

1054 5273 1210 5344 ‘quibusdam
1216 5274 1838 5348 Panlusapostolos:Proptereoiuereaaoiiliaea

1056 5363 1156 5419 eborae
1169 5381 1250 5421 omaus
1258 5365 1424 5436 periodicas.
1436 5365 1470 5422 in
1487 5385 1537 5438 qun
1556 5370 1710 5424 marolium
1725 5370 1799 5440 judi
1800 5389 1839 5437 or,

1057 5457 1212 5525 trtttetipsuut
1225 5456 1390 5521 condemnas:
1405 5460 1490 5512 rodurn
1504 5461 1568 5513 cttiru
1585 5461 1649 5531 opis,
1660 5475 1716 5532 qum
1727 5459 1840 5531 judicos.

1056 5567 1366 5678 piqurrrer'gpbethturzctorits
1381 5570 1432 5620 dari
1443 5573 1531 5636 episcop
1540 5573 1560 5622 is
1570 5573 1599 5622 ad
1616 5569 1756 5623 arelatense
1766 5573 1842 5621 emd-

1127 5645 1139 5678 l
1183 5644 1213 5677 ill
