3906 6390
95 327 146 383 did
671 317 909 375 setstdtatttttt
928 315 1067 373 cussus
1085 316 1130 372 lli.
1659 317 1711 375 att

95 439 166 509 quod
179 438 290 493 tidelitrr
303 411 457 499 intendere,
477 440 504 487 et
519 446 564 501 per
576 432 633 501 rjus
645 432 755 501 gratimn
770 445 876 500 spcmre
929 427 989 480 dum
1005 444 1011 480 :
1026 428 1092 481 sicut
1106 442 1201 495 corpus
1213 427 1342 493 animae,
1362 428 1438 498 natale
1450 427 1593 484 auimatum
1607 440 1648 484 est
1662 430 1707 486 lici

96 528 261 584 debeantusl
282 528 320 580 tie
342 540 387 593 per
406 523 456 576 ltoc
482 522 555 576 nullo
576 520 654 575 modo
675 520 759 589 putuit
782 535 877 588 rorprrs
929 516 1000 581 datu,
1014 532 1073 570 cum
1096 516 1322 572 iuctttscstboruo
1336 518 1362 572 in
1386 520 1500 573 animam
1515 521 1608 585 risam,
1627 521 1707 575 etiam

97 618 193 675 Gltristi
207 631 267 671 eum
279 614 448 683 corruptione
462 625 617 680 resurgere,
631 609 653 665 si
666 617 783 663 nostmm
797 608 822 662 in
835 608 877 662 in·
929 606 1015 675 ipsum
1025 622 1058 661 es
1068 607 1173 661 animali
1183 607 1380 677 spiritualesiuc
1390 610 1482 665 mortis
1495 611 1643 666 interuentu
1654 611 1710 667 luc·

97 707 266 777 corruptione
278 711 486 761 resurrectumm
501 699 674 770 promittitur;
686 713 735 753 nec
747 696 831 767 potuit
844 697 878 776 il·
928 705 970 750 rat
980 696 1106 761 futurum,
1119 697 1169 750 nisi
1176 697 1349 768 transgressio
1356 699 1480 770 praecepti
1488 700 1559 765 prim
1566 702 1709 756 commisso

98 801 142 855 lud
153 800 210 854 sine
221 798 321 868 gloria,
340 796 363 851 si
380 803 500 850 nostrum
519 800 640 862 resurget
657 790 685 845 in
701 789 794 860 gioria.
814 789 878 856 Qum
929 792 1038 856 peceato
1051 785 1180 856 indigeret
1194 801 1318 856 poenam,
1338 802 1417 857 qnam
1431 789 1500 845 Deus
1511 798 1622 846 seruate
1633 791 1712 861 justi·

97 898 185 944 aarum
199 888 234 943 ibi
247 887 345 958 gloria,
360 886 404 941 nbi
423 884 510 940 adhoc
530 882 684 951 corruptioi
695 880 780 935 Nimis
791 879 879 948 itaque
931 875 974 929 tiae
983 874 1058 930 daret
1069 889 1205 931 eoronam.

97 976 239 1031 absurdum
250 984 291 1031 est
302 984 331 1030 ut
340 974 480 1030 credamus
490 971 654 1040 iiludeorpus
661 979 686 1024 et
694 969 720 1023 in
729 968 879 1023 infirmitate
966 965 1009 1019 li.
1024 961 1101 1020 Unde
1115 965 1240 1019 Dominus
1253 963 1373 1020 cbristus
1386 980 1432 1036 per
1443 981 1492 1023 nos
1510 967 1543 1023 ad
1560 983 1609 1025 nos
1620 974 1709 1036 rentt,

98 1080 158 1120 esse
170 1065 341 1129 seminatam,
354 1064 433 1118 idest
445 1060 641 1126 mortidcatum,
654 1060 714 1115 etin
728 1057 880 1113 indrmitate
930 1069 989 1109 cum
1006 1063 1160 1125 peccatores
1171 1056 1258 1125 justus
1269 1055 1383 1123 invenit,
1400 1072 1449 1128 per
1461 1068 1571 1114 stratum
1584 1060 1712 1130 quodam-

98 1153 295 1217 rcsurrerisse3
314 1167 374 1208 cum
387 1165 483 1220 corpus
503 1159 621 1205 nostrum
641 1149 786 1204 seminetur
800 1148 825 1201 in
840 1147 880 1202 in·
930 1142 1010 1198 modo
1023 1141 1178 1201 humilitatis
1190 1153 1305 1212 nostre,
1319 1145 1365 1201 sed
1375 1160 1427 1200 non
1440 1161 1499 1202 ctam
1512 1149 1605 1204 morbo
1619 1150 1712 1221 iniqui·

100 1244 233 1311 firmitate,
248 1249 368 1311 resurgat
379 1241 405 1296 in
419 1241 528 1304 uirtuto3
542 1246 569 1294 et
581 1238 650 1293 dicat
661 1238 730 1294 idem
746 1238 880 1309 apostolus
932 1233 993 1287 tatis
1012 1241 1119 1288 nostre.
1135 1233 1201 1291 Nam
1222 1250 1270 1304 per
1285 1236 1398 1291 animale
1417 1237 1510 1301 nobis,
1534 1237 1584 1294 boc
1603 1248 1644 1295 est
1664 1256 1713 1312 per

98 1333 132 1389 de
145 1331 250 1388 Christo
265 1349 273 1386 s
290 1331 345 1387 Etsi
356 1332 491 1400 erudistis
504 1338 540 1386 est
553 1345 585 1384 eu
597 1329 751 1398 infirmitate,
767 1331 810 1382 scri
824 1327 881 1381 uitdt
931 1323 1042 1378 mortale
1053 1337 1150 1394 eorpus
1160 1326 1296 1394 apparuit;
1310 1326 1354 1395 qui
1366 1325 1457 1395 utiquc
1468 1327 1490 1382 si
1504 1328 1640 1394 uoluisset,
1653 1344 1712 1386 cum

99 1437 131 1477 es
142 1421 233 1477 uirtute
243 1421 290 1476 Dei
301 1421 335 1493 (ll
346 1422 405 1478 Cor.
420 1437 477 1488 sur,
493 1422 532 1491 d).
546 1420 610 1488 Quis
622 1435 687 1476 sero
702 1429 754 1474 tam
769 1418 881 1474 absurde
931 1424 1043 1479 ΰθῐβθῐθ
1057 1409 1199 1466 immortali
1211 1413 1333 1482 primitus
1344 1413 1503 1470 adtenibset.
1516 1415 1569 1471 ssd
1590 1416 1650 1486 quia
1665 1433 1714 1474 nos

99 1513 184 1581 ιιιιιιιι
197 1551 205 1578 ‚
220 1520 249 1566 ιιι
266 1511 357 1567 ιιιιιιι
377 1511 440 1566 ιιιιιιι
460 1525 555 1580 corpus
573 1510 686 1565 animate
704 1511 879 1576 seminarum,
933 1499 1078 1554 ltumilitate
1090 1500 1149 1555 Filii
1164 1501 1211 1556 liei
1232 1502 1319 1556 sanari
1336 1504 1491 1573 oportebat,
1510 1522 1592 1577 usque
1612 1509 1645 1563 ad
1664 1524 1713 1565 no·

101 1601 216 1657 animale
226 1603 421 1668 resuscitatum,
436 1603 457 1658 si
471 1611 590 1657 nostrum
600 1602 745 1657 seminatur
757 1601 880 1668 auituale,
932 1598 1014 1644 ⁸¹¹'iffl
1032 1589 1211 1646 infinibilem
1225 1591 1377 1662 descendiis
1401 1601 1429 1650 θῑ
1443 1593 1504 1651 fidel
1523 1606 1621 1654 ⁰0⁵¹?ae
1635 1601 1715 1655 meri·

99 1698 189 1761 ιιιιιι
200 1692 355 1761 ,parumper
932 1688 986 1734 tum
999 1695 1030 1735 ac
1043 1682 1191 1750 praemium,
1206 1683 1300 1739 virtute
1309 1700 1364 1739 sum
1376 1688 1575 1744 resurrectionis
1587 1693 1713 1748 ostendit.

134 1782 162 1840 b.
176 1781 286 1837 Constat
304 1783 410 1852 itaque,
435 1796 521 1851 neque
541 1781 596 1836 ullo
618 1781 698 1837 modo
710 1780 881 1836 dubitandum
932 1766 994 1825 ideo
1005 1772 1124 1841 sequitur
1135 1773 1277 1842 Apostolus
1288 1785 1312 1829 et
1324 1774 1387 1830 dicit
1402 1792 1408 1828 :
1425 1774 1582 1833 Nouissiusus
1592 1780 1673 1834 Adam
1688 1783 1715 1836 io

99 1880 151 1935 cst,
162 1871 381 1941 eorpustristi,
395 1871 464 1941 quod
477 1873 539 1927 lieet
552 1873 747 1941 corruptionem
763 1870 881 1942 putredi-
932 1863 1048 1932 spiritum
1058 1863 1232 1933 deificantem.
1245 1865 1305 1921 Sive
1324 1865 1483 1936 intelligatur
1496 1869 1596 1938 prinms
1610 1871 1714 1938 Adam,

101 1963 143 2016 nis
156 1962 182 2017 in
195 1962 317 2030 sepulcro
330 1976 382 2016 non
396 1961 507 2028 viderit,
527 1961 596 2016 unde
614 1963 741 2030 seriptum
756 1970 813 2026 est,
830 1959 883 2013 Nee
933 1953 977 2023 uui
992 1952 1026 2008 de
1040 1955 1148 2024 puluere
1161 1965 1222 2011 ante
1241 1955 1367 2013 formatus
1379 1966 1435 2023 cst,
1459 1961 1617 2016 norissimus
1628 1971 1716 2018 autem

99 2051 172 2105 dala
185 2059 299 2106 mosam
308 2059 377 2104 raam
388 2051 470 2106 stom
479 2049 755 2122 cmpuonemffsat,
771 2066 813 2117 n,
825 2047 881 2121 td),
933 2043 1028 2110 Adam,
1039 2045 1084 2114 qui
1100 2045 1134 2101 de
1148 2046 1248 2116 virgine
1259 2056 1411 2116 procreatus
1422 2058 1477 2116 est;
1491 2050 1545 2106 sire
1557 2051 1582 2105 in
1598 2067 1717 2122 unoquo·

100 2141 182 2194 claris
196 2148 283 2195 umen
295 2148 323 2195 ει
332 2140 422 2195 lancea
435 2141 567 2210 perrumpi
583 2142 677 2210 potuit,
693 2156 763 2196 nune
774 2143 883 2196 ommno
934 2147 986 2202 qtre
1002 2133 1109 2190 bomine
1121 2143 1263 2205 utrumque
1276 2137 1457 2206 compleatur,
1471 2147 1499 2193 ut
1517 2143 1617 2210 primus
1633 2141 1716 2196 Adam

102 2230 128 2284 iu
148 2230 344 2299 incorruptione
361 2230 526 2294 coassistere3
548 2236 575 2285 et
586 2229 657 2299 quod
677 2230 703 2283 in
723 2228 883 2284 contumelia
933 2224 968 2278 sit
983 2225 1064 2280 homo
1078 2225 1105 2280 in
1119 2240 1230 2295 corpore
1243 2227 1356 2292 mortali,
1371 2228 1532 2285 norissimus
1551 2230 1634 2285 Adam
1647 2231 1717 2286 idem

101 2323 231 2391 passionis
244 2321 388 2391 mortisque
400 2320 556 2376 seminatum
569 2328 620 2386 est,
634 2334 704 2375 nune
713 2334 772 2375 esse
786 2319 813 2374 in
825 2319 883 2390 glo·
935 2316 991 2386 ipsc
1009 2319 1036 2371 in
1051 2330 1164 2386 corpore
1182 2318 1323 2372 immortali
1337 2336 1344 2373 ε
1359 2326 1446 2374 marten
1464 2320 1532 2375 iuter
1545 2323 1660 2378 animam
1680 2323 1719 2376 vi-

103 2415 140 2467 ria
155 2413 216 2468 sitas
227 2420 352 2475 εειειιιες
367 2420 393 2466 ει
406 2411 476 2481 quod
490 2426 522 2466 er
537 2410 688 2466 iullrmitate
703 2411 786 2480 potuit
797 2409 883 2465 cruci·
934 2415 1038 2464 serttem
1058 2415 1085 2465 et
1098 2409 1220 2478 spiritum
1233 2408 1407 2465 vivificantem
1421 2408 1471 2466 boe
1483 2412 1612 2468 interesse
1625 2414 1716 2479 voluit,

102 2502 161 2572 tipi,
177 2516 248 2556 none
267 2500 295 2555 in
312 2502 411 2555 virtute
428 2515 560 2569 regnare;
579 2508 606 2554 et
622 2499 692 2569 quod
712 2508 767 2554 erat
788 2513 884 2568 eorpus
936 2504 964 2551 ut
983 2497 1038 2552 illic
1059 2497 1094 2552 sit
1113 2511 1212 2567 corpus
1234 2497 1367 2567 animale,
1395 2498 1438 2553 bic
1458 2500 1603 2570 spirituale.
1624 2502 1718 2558 drrima

101 2591 232 2659 animale,
247 2591 370 2662 quoniam
387 2606 419 2646 ex
434 2590 519 2649 Adam
533 2597 666 2660 sumptum
678 2598 733 2657 est,
744 2605 814 2645 nunc
825 2604 884 2645 esse
934 2587 1032 2658 quippe
1044 2587 1071 2642 iu
1083 2601 1195 2656 corpore
1207 2587 1314 2642 animali
1327 2589 1390 2642 sirit
1400 2589 1516 2658 quidem,
1529 2591 1577 2646 sed
1590 2607 1642 2646 nou
1655 2593 1719 2647 riri·

101 2681 255 2749 spirituale,
265 2681 389 2751 quonism
401 2679 503 2749 spiritui
515 2678 570 2748 jam
584 2679 793 2748 inseparabiliter
803 2688 884 2749 eopu·
935 2675 1093 2746 beatusque
1107 2677 1140 2731 ad
1154 2674 1325 2732 auferendam
1336 2678 1531 2747 corruptionem
1546 2697 1553 2734 ι
1569 2682 1595 2736 in
1607 2696 1719 2751 corporo

102 2772 183 2825 latum
201 2781 252 2825 cst.
274 2771 341 2828 Catu
366 2770 437 2826 enim
459 2769 539 2826 uellet
558 2770 700 2840 Apostolus
720 2769 754 2825 de
773 2783 885 2839 corpore
934 2765 1149 2836 verospirituali,
1163 2766 1287 2835 quoniam
1301 2765 1567 2836 perieeteadbsereus
1585 2770 1716 2833 bornino,

101 2859 207 2915 animali
221 2859 348 2915 adbibere
358 2860 538 2915 testimonium
547 2857 753 2928 seripturarum,
764 2858 827 2914 iliud
837 2872 886 2929 po-
935 2869 1003 2910 unus
1015 2855 1124 2925 spiritus
1138 2864 1179 2911 est
1192 2855 1213 2927 (Ι
1230 2856 1289 2911 Cor.
1304 2870 1347 2923 rt,
1364 2858 1426 2929 ll),
1440 2859 1478 2914 sic
1492 2859 1604 2916 viviticat
1623 2869 1651 2915 ιιι
1664 2863 1721 2932 spi-

100 2951 153 3003 suit
171 2947 241 3019 quoti
256 2949 281 3003 in
299 2948 396 3005 Genesi
413 2949 510 3018 legitur
523 2966 530 3002 :
545 2948 576 3003 st
594 2957 650 3015 cst,
673 2948 773 3018 inquit,
794 2963 885 3017 carpus
934 2946 1029 3002 rituale
1042 2960 1139 3017 corpus
1156 2946 1275 3016 alliciat,
1297 2949 1441 3006 absumens
1453 2965 1558 3006 omnem
1570 2955 1719 3022 corruptio·

101 3039 225 3105 ruimule,
246 3049 281 3094 est
302 3048 326 3094 et
343 3039 490 3109 spirituale,·
509 3039 573 3093 sicut
591 3040 712 3109 ιειίριιιιιι
726 3048 777 3105 est,
790 3037 885 3093 Factus
934 3053 1011 3100 nem,
1025 3038 1123 3092 nullam
1137 3046 1258 3095 metuens
1269 3042 1472 3109 separationem.

101 3138 137 3183 cst
151 3130 246 3198 pmnrus
257 3127 340 3182 ddum
352 3129 378 3182 io
392 3128 503 3182 animam
516 3128 653 3193 uacuum,
666 3128 722 3193 rel,
736 3128 763 3182 in
774 3128 886 3181 enimam
971 3126 1014 3182 li.
1034 3127 1147 3183 Proinde
1160 3128 1279 3198 sequitur
1289 3145 1296 3181 ι
1307 3128 1360 3183 Sed
1373 3145 1422 3183 nen
1436 3131 1505 3199 prius
1514 3134 1581 3202 pund
1589 3134 1720 3204 spirituale

102 3218 181 3271 uiuam
200 3216 223 3286 l¹
236 3216 295 3272 Cor.
309 3232 361 3282 su,
375 3217 431 3286 dl).
447 3217 552 3271 Recolis
571 3226 644 3272 certe
664 3216 884 3287 quemadmodum
935 3224 980 3283 est,
999 3215 1043 3269 sed
1057 3215 1123 3285 quod
1140 3215 1263 3281 animala
1276 3227 1361 3286 posteo
1375 3217 1442 3287 quod
1460 3219 1601 3288 spirituale.
1616 3219 1720 3276 Priiarrs

103 3308 228 3376 scriptum
242 3307 295 3360 sit:
310 3304 344 3360 m
354 3307 485 3378 insufflanit
498 3306 568 3362 Deus
580 3308 607 3360 in
619 3307 709 3378 [ueiens
729 3309 784 3376 ejtts
795 3309 886 3377 piatum
936 3305 1010 3358 bomo
1024 3305 1056 3358 de
1074 3315 1150 3370 tenu,
1167 3315 1297 3367 terrenus:
1310 3307 1434 3360 sccundus
1451 3309 1525 3362 bento
1538 3309 1570 3363 de
1583 3312 1655 3378 cocle,
1669 3328 1720 3366 cre·

102 3397 176 3459 sitoe,·
193 3403 217 3448 st
230 3398 312 3465 suctus
324 3404 361 3449 cst
373 3394 447 3449 bento
460 3396 485 3448 iu
498 3396 608 3449 admoui
621 3396 701 3449 uiuam
714 3390 789 3468 (Gerr.
803 3411 831 3461 ιι,
846 3396 884 3466 7).
937 3393 1015 3446 lestis.
1030 3391 1119 3458 Qualis
1137 3402 1258 3461 terrenus,
1272 3394 1335 3449 tales
1348 3403 1371 3450 et
1388 3397 1495 3462 terreni;
1513 3406 1536 3453 et
1552 3399 1634 3468 atmiis
1647 3401 1720 3456 crele-

103 3484 206 3538 Dictum
230 3491 272 3537 est
293 3492 382 3537 atatem
404 3484 483 3537 etiam
507 3483 541 3540 (le
564 3484 719 3539 animalibus
734 3501 740 3538 :
757 3482 886 3540 Producat
936 3482 991 3549 stis,
1006 3479 1068 3536 tales
1085 3490 1108 3535 ct
1122 3482 1239 3536 celestes.
1261 3483 1334 3538 Sicut
1347 3486 1500 3555 parturimus
1518 3489 1652 3559 incepissent
1670 3501 1720 3545 ter·

103 3586 170 3630 terro
182 3564 292 3630 anitium
307 3574 386 3628 uuam
399 3572 454 3645 (ld.
465 3590 491 3639 t,
506 3571 564 3647 at).
578 3573 733 3645 intelligitur
745 3591 808 3647 ergo
822 3590 885 3632 cor·
935 3570 1000 3634 reti,
1014 3577 1139 3640 9⁰?me
1154 3579 1179 3623 θ’
1196 3570 1329 3641 inopinum
1341 3573 1396 3642 tim
1412 3575 1455 3644 ‘lii'
1473 3575 1504 3628 ‘iv'
1517 3577 1579 3631 ⁶41⁰
1591 3587 1636 3632 0⁸¹·
1650 3578 1720 3646 Quill

102 3682 152 3738 pus
173 3666 286 3720 animale
305 3665 357 3720 dici
375 3664 460 3721 simile
478 3666 581 3722 ceteris
600 3665 757 3722 animalibus
779 3676 886 3738 propter
936 3667 987 3726 est,
1010 3658 1099 3723 0⁸⁰¹ss
1118 3666 1238 3727 ‘medus
1254 3660 1316 3715 Μία
1339 3664 1490 3730 ‘limittit'
1510 3665 1570 3733 ⁰3⁵1,
1593 3669 1720 3725 molitiei

103 3756 195 3811 ntortis
206 3755 406 3810 dissolutionem
420 3766 446 3811 ct
461 3756 673 3826 corruptionem,
697 3772 755 3827 quac
769 3758 885 3827 quotidie
935 3767 969 3807 ex
981 3751 1103 3807 mortali?
1115 3760 1141 3807 ei
1153 3752 1216 3822 uuiti
1229 3761 1279 3819 est,
1298 3752 1385 3820 etate
1404 3754 1517 3821 celestis,
1536 3759 1598 3812 tales
1609 3769 1632 3813 et
1646 3761 1720 3815 cnte-

101 3845 297 3911 ciboreticitur,
308 3853 334 3902 et
345 3854 573 3915 postea,separata
584 3846 883 3919 atrimantiscompage¹,
935 3853 1006 3911 stes,·
1029 3844 1090 3911 nisi,
1114 3844 1275 3900 immortales
1297 3860 1346 3915 pcr
1368 3846 1563 3904 immortalem?
1587 3850 1653 3906 lllud
1673 3867 1720 3924 per

101 3934 263 3990 dissolvitur.
284 3934 425 4004 Spirituale
437 3943 525 3992 antem
542 3949 656 4007 corpus,
671 3937 806 4008 quodiam
824 3952 883 3994 cum
935 3935 1031 4004 aldam,
1047 3939 1097 3990 nato
1113 3948 1159 4006 per
1170 3934 1312 3991 Christum.
1328 3936 1454 3994 Dominus
1468 3939 1538 3994 euim
1549 3940 1583 3996 ad
1601 3942 1651 3999 ltoc
1668 3952 1720 3998 ter-

102 4028 194 4097 spiritu
209 4027 358 4083 immortale
370 4035 419 4084 cst.
935 4043 1016 4084 renus
1033 4026 1118 4083 iactus
1134 4036 1186 4094 est,
1201 4043 1260 4083 cum
1278 4035 1350 4085 esset
1365 4030 1491 4100 ccelestis,
1505 4042 1534 4088 ιιι
1547 4049 1593 4089 eos
1606 4037 1650 4104 qui
1664 4046 1720 4093 ter·

137 4120 180 4176 ib.
194 4120 319 4188 eramuis
331 4120 450 4175 nonnulli
468 4121 631 4177 arbitrentur
644 4129 706 4177 tune
718 4121 774 4177 iteri
788 4136 884 4194 corpus
935 4119 991 4174 reni
1008 4126 1092 4183 eraut,
1107 4118 1206 4174 diceret
1216 4118 1353 4186 colestem
1368 4119 1418 4175 boe
1429 4128 1481 4188 est,
1497 4122 1556 4178 ideo
1567 4139 1600 4179 es
1613 4125 1720 4182 immor·

101 4211 247 4281 spirituale,
263 4226 323 4266 eunt
336 4209 390 4279 jam
403 4220 431 4266 ει
450 4211 535 4280 ipsum
549 4225 645 4280 corpus
660 4220 776 4267 mutatur
790 4212 817 4267 in
829 4214 883 4283 spi·
936 4209 982 4265 tali
993 4209 1113 4264 mortalis
1122 4208 1205 4265 iactus
1216 4217 1267 4276 est,
1279 4210 1436 4267 assumendo
1447 4212 1515 4266 servi
1528 4213 1650 4281 sormam,
1665 4232 1717 4273 non

101 4299 201 4364 ritum,
224 4308 251 4354 et
272 4299 341 4369 quod
361 4300 441 4354 bomo
459 4307 516 4354 erat
537 4315 572 4355 cx
595 4313 706 4370 corpore
725 4309 752 4356 et
769 4301 881 4371 spiritu,
935 4297 1039 4352 Domini
1053 4297 1179 4352 mutando
1193 4307 1322 4366 naturam,
1337 4306 1366 4353 ιιι
1384 4314 1431 4355 eos
1446 4302 1491 4372 qui
1504 4304 1629 4360 mortales
1643 4315 1720 4364 erant

50 4377 54 4382 ’
101 4395 284 4456 utrumqueac
294 4394 377 4442 tutum
390 4388 497 4457 spiritus
506 4388 566 4453 erit,
580 4388 654 4457 quasi
664 4387 761 4445 diserit
771 4392 884 4460 Aposto-
934 4389 1034 4444 iaceret
1047 4389 1218 4454 immortales,
1233 4390 1407 4458 impertiendo
1420 4391 1578 4450 dominicam
1594 4398 1715 4466 gratiam,

102 4476 153 4542 lus,
167 4475 317 4530 seminatur
331 4490 446 4545 corpus,
460 4485 550 4546 surget
562 4476 679 4545 spiritus.
696 4477 765 4533 Dixit
776 4485 881 4546 summ,
934 4495 987 4534 non
1001 4480 1125 4534 servilem
1139 4479 1261 4549 injuriam
1272 4481 1436 4538 retinendo¹.

102 4564 249 4622 Seminatur
269 4582 360 4635 carpus
376 4566 499 4630 ariarate,
517 4576 601 4637 turpet
624 4583 714 4637 corpus
731 4569 883 4639 spirituale:
968 4570 1013 4625 ιδ.
1033 4568 1099 4625 Cum
1111 4570 1189 4640 igitur
1198 4568 1232 4625 de
1242 4571 1434 4627 resurrectione
1443 4575 1563 4643 corporis
1576 4576 1718 4646 Apostolus

14 4668 16 4673 ⁴
101 4655 222 4729 proinde,
234 4655 303 4710 sicut
313 4655 427 4710 animale
438 4669 534 4726 corpus
543 4671 595 4710 non
605 4665 646 4711 est
655 4657 752 4724 anima,
766 4658 814 4714 sed
823 4673 883 4716 cor·
933 4659 1081 4729 disputans,
1096 4658 1206 4715 doceret
1218 4669 1308 4715 nostra
1319 4674 1429 4731 corpora
1440 4663 1523 4718 lutura
1538 4681 1570 4720 ex
1584 4669 1716 4738 corrupti-

101 4762 161 4816 pus,
173 4747 208 4800 ita
217 4755 244 4800 ει
253 4745 389 4814 spirituale
399 4760 495 4815 corpus
505 4761 558 4801 non
569 4746 689 4816 spiritum
699 4748 826 4806 debemus
837 4766 883 4821 pu·
933 4749 1030 4805 bilibus
1050 4749 1267 4819 incorruptibilia,
1288 4765 1322 4807 es
1334 4754 1577 4824 contemptibilibus
1589 4758 1714 4827 gloriosa,

101 4847 168 4902 tare,
179 4836 227 4891 sed
242 4850 348 4906 corpus.
358 4835 422 4904 Qttis
435 4850 514 4905 porro
525 4836 621 4891 audeat
630 4838 742 4907 opinari,
755 4840 797 4894 vei
807 4840 884 4896 Clari·
932 4826 1222 4906 extrutrmts'torttaex
1232 4840 1386 4896 animalibus
1398 4842 1552 4911 spiritualia,
1564 4845 1715 4916 buccatas

100 4927 133 4982 sti
143 4941 240 4997 eorpus
250 4941 302 4981 non
311 4925 448 4994 spirituale
457 4928 703 4994 resurrexisse3rcl
716 4929 738 4983 si
749 4931 883 5000 spirituale
934 4931 1088 4986 mortalibus
1111 4931 1279 5000 immortalia,
1302 4933 1414 5003 subiecit
1434 4937 1504 4992 inde
1525 4939 1717 5013 agitatumque

100 5018 227 5082 surrexit,
243 5016 297 5087 jana
312 5031 365 5069 non
384 5029 481 5086 eorpus
498 5016 595 5082 luisse,
608 5016 655 5073 sed
669 5020 788 5086 spiritum
802 5038 809 5075 ε
822 5035 881 5077 cum
934 5021 970 5075 ait
984 5038 990 5074 :
1005 5019 1062 5074 llos
1076 5030 1160 5076 autem
1176 5022 1241 5088 dico,
1261 5022 1361 5091 iratres,
1375 5025 1434 5094 puio
1452 5043 1511 5082 care
1525 5038 1548 5082 et
1562 5033 1664 5101 sanquis
1677 5050 1717 5087 rc-

100 5110 169 5164 ltanc
182 5109 331 5178 opinionem
347 5107 538 5177 Discipulorum
551 5109 666 5177 refellat,
678 5109 732 5177 ubi,
749 5125 807 5165 cum
821 5126 882 5168 eutn
934 5128 1010 5182 pauor
1021 5111 1070 5165 liri
1082 5111 1271 5181 possideretur
1285 5125 1400 5185 possunt.
1412 5116 1447 5170 Et
1463 5132 1497 5172 ne
1512 5120 1650 5191 quisquam
1666 5140 1716 5194 pu-

101 5198 219 5252 sideutes
231 5196 413 5252 existimarent
424 5213 454 5253 se
466 5198 586 5270 spiritum
600 5197 699 5265 ridere,
715 5201 759 5266 ait,
775 5199 883 5272 i'alpate
934 5206 1002 5254 taret
1011 5200 1155 5256 secundum
1165 5201 1339 5257 substanttam
1349 5205 1435 5259 carnis
1447 5205 1497 5261 boc
1506 5211 1660 5278 Apostolum
1671 5214 1716 5269 de·

100 5296 124 5341 et
138 5287 225 5352 uidete,
238 5289 298 5358 puio
310 5289 414 5354 spiritus
431 5305 487 5344 ossa
501 5299 525 5344 et
537 5305 638 5344 caruem
652 5307 701 5345 nou
716 5292 804 5359 lubet,
818 5294 882 5348 siem
935 5292 1046 5357 didisse,
1069 5292 1255 5361 aperuitque
1278 5294 1394 5361 diceret,
1420 5297 1602 5370 subjungendo
1617 5320 1623 5356 :
1638 5320 1717 5375 acerra

101 5393 140 5430 nac
152 5377 240 5433 uidetis
255 5378 364 5435 lateret
384 5381 441 5435 lam
457 5381 534 5452 igitur
548 5381 591 5436 iila
605 5397 667 5438 caro
679 5384 814 5454 spirituale
825 5395 883 5442 erat
934 5385 1061 5455 corruptio
1075 5385 1284 5455 incorruptionem
1294 5386 1437 5456 possidebit.
1454 5389 1589 5461 Tanquam
1606 5393 1715 5464 diceret,

101 5480 211 5534 corpus,
230 5482 279 5521 uec
292 5473 379 5522 umen
394 5469 502 5539 spiritus
517 5479 592 5537 erat,
614 5471 663 5526 sed
683 5486 789 5543 corpus,
811 5475 881 5531 uuila
935 5474 1009 5540 Quod
1019 5473 1084 5539 dixi,
1095 5474 1160 5528 Gara
1169 5483 1192 5529 ct
1203 5476 1306 5546 sanquis
1317 5493 1420 5547 repnuus
1432 5477 1477 5533 Dei
1485 5497 1534 5535 uou
1546 5484 1717 5555 possidebunt,
1801 5487 1815 5510 ⁸

102 5555 211 5610 ulterius
223 5565 309 5611 morte
326 5557 360 5612 ab
371 5561 459 5614 anima
471 5561 653 5617 resoluendum
667 5571 745 5633 atquae
758 5578 882 5635 separan-
936 5566 996 5622 ideo
1006 5567 1069 5633 disi,
1081 5567 1141 5636 quia
1151 5568 1279 5637 corruptio
1289 5569 1499 5640 incorruptionem
1510 5591 1559 5628 sorr
1570 5577 1724 5650 possidebit,¹

133 5667 140 5697 ¹
154 5673 205 5715 uss.
219 5663 317 5729 plures:
330 5675 445 5732 superma
456 5671 582 5724 mummia
593 5685 713 5737 compare.
967 5678 974 5708 ¹
986 5683 1025 5725 ιιε.
1038 5676 1145 5738 cisterc,
1155 5684 1178 5727 ct
1189 5676 1297 5730 serrium
1307 5676 1419 5741 iniuriam
1431 5680 1591 5745 perpetiendo.
