3906 6390
270 277 322 337 lbi
877 271 906 329 8.
927 268 1113 328 budusfttu
1128 269 1279 327 uniscunt
1846 277 1900 335 238

271 392 344 447 illum
355 398 382 447 et
392 389 472 459 Spem
482 395 571 444 exorta
582 393 635 454 est,
648 385 698 441 sub
708 383 798 440 divino
809 383 931 439 examine
941 381 1057 453 pendeat
1112 395 1165 435 non
1180 381 1373 438 defecerimus?
1386 382 1453 452 Quid
1467 397 1534 455 opus
1544 384 1592 440 fult
1604 395 1630 440 nt
1643 385 1743 441 diceret
1754 429 1761 455 ,
1774 388 1899 454 Quoniam

269 480 416 538 secuudum
432 480 556 549 placitum
571 466 676 541 eorum,
700 475 771 546 quod
793 475 868 537 rubis
886 471 1058 531 siuolneritie
1109 469 1245 525 abundabit
1257 472 1390 543 iniquitat,
1403 475 1544 547 refrigescet
1557 476 1667 530 clamitas
1681 478 1833 545 nassiternam
1848 483 1898 537 nist

270 572 369 643 poterit
381 571 502 634 recitari3
520 569 580 640 quis
598 582 649 638 ego
660 581 730 635 sum,
751 575 781 622 ut
800 565 910 621 audeam
925 563 972 618 bei
989 578 1054 634 prm·
1110 560 1184 615 utilii
1197 560 1336 632 dequibus
1349 563 1589 620 contiuuolocutus
1602 565 1736 634 adjunxit,
1752 568 1802 632 Qui
1815 587 1898 640 perae·

196 658 199 663 ’
268 661 361 719 venite
385 660 545 716 sententiam
559 658 585 713 in
605 655 720 713 delendo
733 655 777 711 rel
790 652 978 725 strpprimendo
999 652 1057 721 ajars

268 752 386 820 nominc,
400 750 433 805 de
453 763 506 820 quo
533 762 582 804 nec
604 745 733 817 suspicari
754 754 853 801 tentcrc
874 743 936 798 rrtaii
957 740 1055 812 aliquid
1088 779 1089 783 ,

266 840 500 913 episcopusdebui‚
513 853 563 895 uec
576 836 691 893 dilucide
699 835 819 906 judicare
828 834 909 889 bomo
920 832 954 889 de
965 831 1055 887 occul-

269 937 302 989 tis
317 933 455 989 bominum
469 930 552 1001 potui,
566 944 626 985 cum
646 928 672 983 in
685 927 750 998 ipsis
763 927 851 982 causis
871 923 1052 989 secularibus,

267 1024 374 1097 quando
383 1023 417 1084 ad
430 1024 557 1091 majorem
568 1029 725 1093 potestatem
738 1017 850 1075 refertur
862 1016 998 1071 arbitrium
1011 1015 1055 1085 ju·

266 1114 383 1182 dicandi,
399 1112 567 1168 manentibus
592 1109 668 1166 sicuti
682 1116 759 1165 erant
773 1106 897 1163 omnibus
910 1105 999 1171 rebus,
1007 1119 1055 1160 ex·

265 1212 401 1277 spectetur
411 1204 455 1267 'ila
466 1197 685 1267 senteutia,untle
694 1199 748 1268 jam
759 1211 811 1252 uon
819 1195 897 1251 liceat
904 1193 1052 1265 provocari,

266 1312 301 1354 ne
315 1295 444 1368 superiori
459 1290 589 1363 cognitori
611 1290 655 1345 flat
669 1288 783 1359 iniuria,
804 1286 828 1342 si
842 1285 899 1356 ejus
922 1284 1053 1354 pendente

264 1387 364 1458 perdicio
375 1383 474 1455 aliquid
487 1382 565 1439 fuerit
577 1376 784 1436 commutatum?
799 1375 831 1430 Et
844 1375 933 1444 utique
941 1374 1052 1429 muitum

265 1483 377 1538 ἱιιιιιιιι
389 1480 458 1534 ‘tuter
469 1476 585 1532 divinam
600 1482 628 1529 et
641 1472 783 1528 bumanam
806 1468 950 1540 quamlibet
962 1467 1052 1522 execi-

265 1571 398 1629 sissimam
408 1575 577 1641 potestatem.
596 1562 700 1619 Domini
711 1561 758 1618 liei
769 1559 854 1616 nasta
869 1555 1072 1651 misericordia*

265 1674 456 1733 nunquamsos
464 1653 687 1724 deserat,doutini
697 1648 862 1709 dilectissimi
872 1646 1051 1705 ethonorandi

264 1755 370 1810 fratrea.

450 1856 614 1916 Ef’iswbb
632 1849 761 1910 blilllfll
778 1853 788 1876 ⁶
807 1848 858 1922 (a).

263 1964 374 2040 Quidam
387 1988 401 2027 e
415 1967 565 2024 ntcnaateric
577 1963 710 2037 Augustini
721 1962 786 2032 Spes
798 1959 908 2024 nominc,
920 1964 1051 2012 occmntttt

296 2060 454 2133 cBonifncfo
467 2059 609 2129 presbytero
619 2095 626 2119 ,
638 2053 731 2108 ainten
748 2053 775 2104 ln
792 2047 951 2118 bonifaciana
968 2046 1051 2116 fpann
1094 2080 1097 2084 -

297 2149 516 2208 armeniacum
536 2164 575 2202 raa
593 2143 744 2201 evidentibus
763 2139 916 2212 arquntentt't
936 2137 1051 2208 coqrroart'
1092 2178 1097 2187 .

296 2244 327 2298 ab
340 2243 479 2321 Augustino
491 2256 542 2294 non
555 2248 636 2310 postet
646 2279 653 2304 ,
664 2238 751 2307 juraras
764 2243 799 2288 eti
813 2242 914 2303 uterque
927 2231 997 2284 odire
1009 2245 1049 2284 te·

296 2335 413 2406 pulcrum
423 2332 454 2389 S.
469 2330 493 2384 F
494 2332 562 2387 cifris
581 2329 677 2384 Natam
686 2368 693 2393 ,
703 2337 732 2381 ιιι
740 2324 861 2380 ntlractnlo
872 2321 1051 2392 truttaipnetur

291 2423 427 2493 judicium.
443 2419 476 2474 ft
498 2420 563 2473 clam
582 2418 637 2487 fieri
657 2425 758 2471 curarat
771 2413 926 2486 Augustiana
942 2426 1052 2466 :naam

296 2513 414 2583 moniam
426 2528 465 2567 ret
479 2518 594 2583 eniperm
604 2509 630 2563 fn
641 2508 754 2564 notitiam
767 2507 913 2572 bantinum,
929 2503 1048 2576 pernuntit

294 2602 427 2656 fanneam
440 2598 566 2672 Bonifatii
578 2615 667 2653 nomen
681 2598 745 2651 inter
759 2595 913 2666 presbyteros
926 2610 975 2647 tran
984 2593 1050 2646 reci·

295 2700 377 2755 tctnr,·
398 2690 512 2744 bortatur
534 2704 619 2742 ornaret
633 2703 664 2741 ne
678 2696 768 2740 iettteft
781 2684 916 2755 indicent,
936 2698 997 2738 nens
1016 2682 1048 2739 cl

295 2795 432 2850 paucorum
452 2778 542 2831 delictit
561 2776 600 2832 uri
619 2777 668 2847 ipsi
680 2776 799 2844 deficiant
811 2790 827 2829 tt
839 2775 945 2847 pietate,
964 2789 992 2829 tt
1016 2775 1049 2830 tie

294 2870 409 2925 carnibus
429 2868 495 2923 ntnie
513 2869 687 2939 auspicantem
708 2866 839 2922 alternant
853 2866 950 2921 nuliam
970 2875 1048 2935 patrate

293 2970 345 3013 tant
359 2958 456 3031 [eliceant
471 2957 635 3021 sodalitatem,
648 2957 673 3010 in
687 2972 737 3028 quc
747 2972 796 3010 non
807 2955 897 3027 oiiqua's
906 2957 1047 3028 flagitiosas

291 3050 408 3106 extiterit.

258 3159 441 3215 Dilectissimis
462 3158 604 3224 fratribus,
627 3158 716 3224 clero,
738 3156 907 3225 senioribus,
936 3165 963 3212 et
988 3156 1046 3212 uni·

291 3264 375 3306 verse
405 3249 475 3320 plebi
510 3248 635 3304 Ecclesiae
669 3248 861 3319 Hipponensis,
888 3247 932 3305 cui
959 3247 1046 3327 sercin

291 3342 319 3396 in
345 3340 487 3397 dilectione
506 3337 622 3406 Christi,
644 3338 829 3406 bucusrrttus,
852 3338 878 3393 in
903 3339 1015 3395 Domino
1035 3340 1043 3372 ¹

290 3431 412 3488 salutem.

291 3544 318 3598 f.
334 3542 441 3600 Utinam
453 3542 597 3613 Scriptura
617 3541 664 3598 Dei
679 3541 791 3597 sollicita
804 3550 894 3598 mente
906 3541 1045 3598 intenden-

256 3643 312 3698 tes,
330 3633 357 3686 iu
372 3633 519 3703 quibusque
533 3630 665 3687 scandalis
676 3631 807 3701 adjutorio
819 3633 902 3688 nostri
915 3633 1045 3689 sermonis

256 3739 308 3777 nan
323 3724 447 3793 egeretis,
462 3731 488 3777 et
500 3722 545 3776 iile
557 3737 605 3776 cos
615 3722 702 3791 potius
715 3723 905 3788 cotrsolaretur,
919 3724 963 3793 qui
976 3739 1042 3779 con·

255 3811 357 3865 scrutur
370 3819 397 3866 et
410 3825 459 3866 nes
473 3829 480 3864 t
496 3810 542 3880 qui
554 3824 606 3864 non
621 3810 707 3865 solum
719 3809 805 3876 bena,
825 3827 885 3882 quae
906 3813 1005 3868 sanctis
1017 3822 1045 3869 et

256 3898 377 3954 fidelibus
390 3899 445 3954 suis
457 3907 498 3954 cst
510 3898 677 3965 redditurus,
692 3914 783 3955 rerum
796 3901 876 3955 etlam
888 3901 972 3968 mala,
986 3903 1045 3972 qul·

256 3989 305 4042 bus
325 3997 384 4043 erat
402 3988 447 4044 bic
468 3987 584 4047 muudus
599 3988 797 4056 abundaturos,
820 3999 881 4046 ante
903 3992 1041 4060 predixit,

254 4087 317 4134 antc
327 4077 517 4134 conscribenda
529 4078 646 4145 curasit,
661 4086 691 4134 ut
704 4079 771 4134 bona
783 4086 843 4149 post
855 4080 945 4136 smcrnli
962 4080 1043 4136 flerem

255 4177 375 4224 secutura
394 4169 522 4225 certiores
535 4179 767 4238 exspectaremus,
780 4184 859 4239 qnam
870 4171 938 4225 maia
948 4170 1043 4227 simili·

253 4266 297 4314 ter
311 4260 484 4328 praenuntiata
504 4267 565 4314 ante
577 4259 668 4314 saculi
681 4257 761 4314 finem
773 4262 948 4331 praecedentia
960 4263 1044 4318 senti·

227 4419 232 4423 ¹
254 4362 354 4404 ιιιιιιι.
376 4347 453 4405 Unde
476 4356 504 4405 et
522 4349 664 4418 apostotos
683 4348 747 4405 dicit
767 4366 775 4406 a
797 4349 965 4422 Quacumque
976 4353 1043 4407 enim

254 4448 314 4493 ante
323 4440 418 4509 scripta
429 4448 504 4504 aunt,
519 4446 547 4492 ut
557 4454 601 4494 not
613 4437 758 4495 docerentur
770 4441 863 4511 scripm
872 4450 944 4507 ιιιιιι,
958 4451 984 4496 ιιι
998 4459 1043 4514 per

151 4564 153 4568 a
255 4528 1042 4601 patienticmetcontaintionemscripturaramspentitabeontua

252 4618 289 4679 ad
302 4616 384 4673 beant
403 4617 489 4690 (fiam.
502 4634 547 4686 xc,
560 4617 603 4690 b).
615 4619 682 4687 Quid
696 4627 783 4676 autem
798 4634 866 4691 opus
877 4631 936 4678 erat
948 4631 977 4678 ut
986 4623 1043 4694 ipse

256 4709 384 4766 Donrious
402 4711 480 4767 iesus
498 4726 551 4765 nou
570 4710 868 4779 sternutamentum
883 4716 948 4788 jacti
960 4715 1042 4787 {eipe-

253 4799 315 4855 lunt
335 4801 399 4855 sicat
411 4801 449 4856 toi
470 4801 496 4855 ia
510 4816 588 4873 reparo
610 4800 696 4858 Patria
716 4804 755 4858 ani
780 4803 884 4877 (barat.
899 4821 961 4874 xru,
975 4806 1039 4878 45),

1108 653 1227 707 maduerit
1240 670 1316 724 nsque
1333 655 1360 709 in
1373 656 1463 726 finem,
1476 658 1516 711 bie
1527 658 1610 713 tantona
1622 660 1669 714 err't
1684 658 1739 729 (lti.
1754 675 1829 726 xxiv,
1848 659 1896 725 ta,

1109 740 1169 810 ft),
1186 756 1246 796 cum
1269 742 1318 799 bac
1332 745 1476 816 inlquitatis
1497 746 1656 803 abundantia
1680 749 1897 819 refrigescentem

1107 829 1262 898 charitatem
1276 831 1408 902 riderent,
1426 845 1479 889 non
1495 836 1724 905 perturbarentur,
1738 852 1791 891 non
1812 853 1896 908 espr-

1106 931 1261 987 tcscerent,
1283 938 1337 977 nou
1360 925 1436 994 quasi
1457 926 1538 982 rebus
1552 928 1694 996 insperatis
1706 937 1733 983 ct
1754 928 1897 999 inopinatis

1105 1010 1253 1067 contristati
1275 1011 1434 1081 deficerent;
1449 1015 1496 1070 sed
1518 1016 1605 1085 potius
1618 1015 1739 1072 sidentes
1757 1017 1895 1085 accidere,

1104 1111 1164 1167 quac
1184 1098 1269 1153 futura
1287 1100 1410 1170 praedicta
1424 1109 1487 1156 sunt
1506 1111 1567 1159 ante
1580 1104 1677 1171 dncm,
1691 1106 1822 1175 patienter
1836 1122 1897 1176 per*

1104 1199 1257 1245 setcrarcot
1281 1192 1414 1261 usquein
1446 1192 1543 1260 duem,
1569 1202 1598 1249 ut
1619 1195 1705 1250 securi
1729 1205 1896 1252 mereremur

1103 1293 1215 1351 regnare
1228 1280 1287 1351 post
1300 1282 1416 1338 boemia
1430 1299 1460 1340 ca
1473 1286 1526 1340 nita
1538 1301 1597 1357 qum
1612 1304 1664 1342 nim
1676 1288 1754 1343 lrabot
1768 1288 1858 1344 doctri.

1138 1372 1166 1428 ἰ.
1181 1373 1311 1441 Proinde,
1327 1374 1492 1443 clarissimi,
1514 1378 1539 1431 in
1563 1378 1614 1433 isto
1633 1378 1775 1445 scarniaio,
1789 1396 1842 1450 quo
1860 1381 1895 1437 de

1104 1460 1239 1518 bonifacio
1248 1464 1402 1536 presbytero
1413 1467 1534 1521 nonnulli
1547 1467 1741 1537 perturbantur,
1757 1483 1809 1523 non
1820 1470 1894 1526 nobis

1103 1548 1164 1605 alico
1176 1561 1205 1606 ut
1217 1538 1271 1607 uon
1293 1551 1404 1608 doleatis
1421 1554 1486 1624 :qui
1499 1555 1569 1608 enim
1583 1556 1633 1609 ista
1647 1572 1700 1610 non
1714 1556 1823 1622 dolent,
1839 1573 1894 1613 noo

1104 1651 1145 1696 cst
1163 1642 1189 1696 in
1212 1642 1252 1698 eis
1273 1641 1387 1698 ebaritas
1407 1641 1521 1710 Cltristi;
1535 1643 1580 1714 qui
1593 1655 1680 1700 autem
1693 1647 1771 1701 etiam
1785 1646 1818 1702 de
1833 1648 1893 1702 tali·

1102 1731 1296 1804 busgaudent,
1309 1734 1425 1790 abundat
1447 1735 1473 1790 iu
1492 1737 1531 1791 eis
1545 1737 1694 1808 malignitas
1713 1739 1819 1794 diaboii.
1835 1739 1892 1794 Non

1102 1825 1164 1895 qnia
1178 1825 1204 1880 in
1220 1835 1367 1882 memorato
1378 1827 1532 1899 presbytero
1547 1829 1668 1899 apparuit
1688 1829 1805 1900 aliquid,
1821 1833 1892 1901 qnod

1102 1912 1210 1985 dignum
1231 1914 1400 1971 damnatione
1420 1915 1600 1986 judicaretur;
1622 1916 1670 1974 sed
1691 1919 1751 1989 quia
1781 1919 1834 1974 duo
1857 1921 1893 1977 de

1102 2003 1183 2070 dumo
1204 2014 1294 2061 nostra
1318 2008 1397 2063 talem
1419 2006 1518 2063 babent
1538 2022 1662 2077 causam,
1676 2017 1705 2064 ut
1718 2026 1784 2065 arnus
1798 2027 1892 2068 corrant

1102 2093 1161 2149 sine
1181 2094 1262 2150 dubio
1282 2095 1400 2167 perditos
1421 2094 1561 2165 habeatur,
1585 2106 1612 2153 et
1632 2098 1667 2153 sit
1689 2098 1798 2155 alterius
1820 2100 1890 2157 fama

1101 2182 1169 2253 apud
1188 2183 1316 2254 quosdam
1331 2200 1415 2252 mara,
1431 2185 1499 2256 apud
1520 2186 1648 2256 quosdam
1670 2186 1765 2252 dubia,
1787 2190 1891 2244 etiamsi

1101 2272 1201 2327 nonsit
1215 2273 1344 2328 maculata
1370 2274 1541 2329 conscicntia.
1567 2275 1660 2331 bolete
1681 2276 1749 2344 ista,
1765 2279 1891 2348 quoniam

1099 2361 1212 2425 dolenda
1225 2372 1286 2418 sont
1297 2379 1305 2418 t
1318 2379 1371 2418 uon
1385 2374 1471 2420 tamen
1484 2366 1523 2422 sic
1535 2374 1563 2420 ut
1575 2380 1607 2422 eo
1619 2364 1710 2423 dolore
1724 2381 1810 2423 vestra
1824 2373 1890 2424 etna·

1101 2452 1166 2508 ritas
1177 2469 1192 2508 a
1204 2454 1271 2510 bene
1284 2455 1397 2511 virendo
1409 2456 1578 2528 refrigescat,
1592 2457 1639 2514 sed
1653 2466 1741 2531 petius
1752 2462 1784 2516 ad
1799 2464 1889 2518 Domi-

1099 2560 1163 2600 num
1174 2545 1367 2617 deprecandum
1381 2548 1547 2615 inardescat;
1563 2558 1591 2606 ut
1602 2551 1624 2606 si
1635 2551 1763 2608 innocens
1775 2563 1815 2608 est
1829 2570 1889 2624 pre·

1098 2634 1190 2706 ebytcr
1202 2643 1290 2692 tester
1303 2636 1324 2703 ¹,
1337 2637 1408 2708 quod
1422 2639 1506 2710 magis
1515 2640 1606 2708 crcdo,
1615 2642 1675 2712 quia
1690 2657 1749 2698 cum
1761 2647 1889 2700 sensisset

1098 2725 1208 2783 alterius
1223 2737 1324 2784 motum
1344 2729 1505 2800 impudicum
1518 2740 1546 2786 et
1558 2731 1737 2798 immundum,
1759 2750 1809 2790 nec
1821 2751 1887 2791 con-

1098 2816 1198 2871 sentire
1212 2817 1295 2872 volarit
1314 2833 1363 2874 nec
1382 2828 1487 2888 tacere,
1503 2822 1556 2876 cito
1575 2838 1635 2879 etun
1649 2824 1738 2879 divina
1757 2828 1887 2882 scatentia

1098 2907 1294 2964 aratrifestatum
1307 2911 1454 2968 ministerio
1465 2914 1572 2983 proprio
1585 2925 1757 2984 repraesentet
1773 2935 1781 2972 ι
1801 2918 1824 2971 si
1838 2934 1886 2973 au·

1098 3004 1151 3052 tem
1166 2999 1296 3054 mafe’sibi
1309 3000 1448 3071 conscius,
1468 2994 1538 3074 quud
1561 3005 1689 3077 suspicari
1711 3022 1764 3062 nou
1783 3009 1884 3076 audeo,

1097 3086 1179 3142 coluit
1191 3088 1301 3146 alterius
1312 3090 1535 3149 existimationem
1557 3094 1669 3163 laudere,
1684 3111 1744 3151 curn
1766 3098 1823 3168 ejus
1838 3115 1885 3169 pu-

1097 3175 1213 3233 dicitiam
1228 3181 1407 3239 conmmmre
1421 3197 1474 3238 tton
1486 3193 1590 3254 posset,
1604 3185 1673 3240 sicut
1682 3185 1746 3241 dicit
1756 3189 1812 3258 ipse
1824 3204 1884 3243 cum

1097 3282 1149 3339 quo
1160 3268 1238 3324 lraltct
1250 3285 1372 3338 causum,
1384 3287 1435 3327 non
1446 3288 1506 3328 euru
1519 3274 1652 3344 permittat
1664 3291 1739 3331 suam
1752 3278 1885 3334 occttltarc

1096 3359 1255 3427 nequitiam,
1278 3368 1307 3415 ut
1326 3360 1396 3430 qnod
1418 3361 1538 3417 bomines
1552 3364 1670 3421 inuenire
1690 3382 1742 3422 non
1757 3377 1883 3437 possunt,

1096 3446 1129 3503 tle
1141 3448 1259 3518 quolibet
1272 3464 1362 3504 corum
1377 3449 1466 3505 divino
1477 3451 1577 3521 judicio
1592 3455 1752 3526 propaletur.

1130 3537 1157 3593 3.
1171 3535 1236 3592 Cunr
1250 3537 1321 3594 enim
1334 3540 1384 3594 ista
1403 3556 1447 3596 me
1460 3555 1538 3598 causa
1549 3542 1593 3598 diu
1606 3545 1766 3611 muciassct,
1780 3562 1830 3602 nec
1841 3548 1883 3602 in·

1096 3627 1212 3682 ccrrirem
1242 3627 1376 3698 quomodo
1406 3634 1474 3685 unus
1497 3645 1512 3685 e
1538 3629 1642 3687 duobus
1671 3635 1881 3701 convinceretur,

1094 3716 1215 3786 quatiaris
1234 3717 1319 3788 tnagis
1339 3718 1495 3790 presbytero
1507 3719 1692 3789 credidissem
1707 3725 1883 3795 cogitaveram

1096 3804 1181 3874 priano
1198 3805 1236 3860 sic
1247 3806 1339 3861 ambos
1352 3807 1406 3862 Deo
1419 3808 1582 3880 relinquere,
1593 3808 1678 3867 donec
1690 3812 1716 3867 in
1729 3828 1883 3869 unocurunt

1095 3895 1138 3964 qni
1154 3895 1217 3950 milti
1239 3906 1378 3968 suspectus
1387 3906 1462 3966 erat,
1475 3898 1574 3970 aliquid
1588 3900 1729 3969 existeret,
1745 3902 1815 3958 unde
1830 3919 1882 3958 nort

1094 3985 1151 4039 eine
1170 3985 1286 4055 justae·
1308 3986 1446 4043 utanifesta
1466 4004 1545 4045 causa
1566 3989 1601 4046 dc
1622 4000 1713 4047 nostro
1734 3994 1883 4051 babitacuio

1095 4076 1341 4146 praetendisset
1356 4094 1416 4134 cum
1436 4081 1584 4150 promoueri
1599 4082 1624 4136 ln
1639 4083 1789 4139 clericatum
1803 4086 1813 4117 ¹
1825 4086 1881 4141 site

1094 4165 1148 4220 illic
1162 4181 1208 4234 per
1219 4182 1276 4233 mc,
1289 4167 1345 4223 sive
1359 4167 1420 4224 alibi
1432 4184 1479 4238 per
1490 4170 1591 4225 litteras
1610 4186 1683 4228 mcas
1702 4172 1881 4230 vehementis-

1093 4255 1160 4310 sime
1172 4262 1322 4322 conaretur,
1337 4272 1387 4328 ego
1399 4266 1487 4313 autem
1507 4260 1578 4315 turrile
1597 4261 1676 4317 unedo
1689 4261 1836 4318 adducerer
1855 4266 1880 4320 ei

1094 4344 1210 4415 bomini,
1224 4346 1257 4403 de
1268 4363 1320 4420 quo
1333 4356 1433 4404 tanturn
1445 4350 1506 4405 mali
1521 4351 1715 4420 existimarem,
1730 4369 1823 4408 urarrus
1832 4372 1879 4411 or-

1093 4436 1234 4493 dinationis
1245 4441 1399 4509 imponere,
1410 4447 1455 4494 aut
1467 4455 1513 4510 pcr
1524 4440 1778 4496 mnrtncudationcm
1793 4458 1879 4500 tncaru

1093 4528 1171 4583 alicui
1192 4528 1265 4583 fratri
1287 4544 1347 4584 meo
1372 4545 1433 4584 eura
1453 4529 1685 4596 subintroducere,
1704 4531 1879 4590 turbulentius

1092 4634 1171 4689 agere
1185 4620 1282 4690 coepit,
1297 4629 1327 4675 ut
1338 4620 1359 4674 si
1373 4620 1465 4690 ipsein
1477 4621 1628 4679 clericatum
1643 4637 1695 4678 non
1710 4639 1880 4695 promouere·

1093 4720 1145 4774 tar,
1161 4726 1211 4767 nec
1226 4698 1364 4784 presbyter
1378 4710 1528 4767 borrifacius
1542 4712 1569 4769 in
1582 4727 1631 4768 suo
1643 4713 1726 4784 gradu
1738 4729 1798 4771 esse
1818 4730 1879 4786 pcr-

1093 4803 1249 4859 mitteretur.
1261 4801 1421 4873 loquacius
1434 4804 1619 4871 provocatione
1629 4819 1689 4859 cum
1702 4802 1817 4862 viderem
1829 4806 1878 4861 lio-

253 4891 324 4962 quod
335 4901 392 4962 post
406 4891 494 4947 saculi
511 4893 589 4948 funem
603 4891 720 4948 futurum
729 4902 784 4960 est;
800 4909 892 4951 rerum
904 4895 983 4951 etiam
994 4911 1041 4952 ex·
1092 4892 1215 4949 nifacium
1228 4894 1297 4949 nolle
1310 4893 1471 4964 quibuslibet
1488 4893 1600 4971 infirmis
1614 4905 1641 4951 ct
1655 4896 1688 4952 ad
1701 4896 1877 4969 suspicionem

258 4983 403 5049 clamaret,
419 4981 462 5036 lte
475 4984 568 5037 amado
581 4982 750 5041 ubstantialis
764 4984 818 5059 (fa.
833 5003 911 5055 ιιιιι,
924 4986 952 5059 l)
967 5004 974 5042 ι
990 4988 1040 5043 uisi
1092 4985 1230 5056 propensis
1250 4982 1285 5041 de
1298 4999 1353 5040 succ
1367 4983 1427 5040 ritae
1448 4982 1611 5043 dubitatione
1631 4987 1783 5044 antidotum
1803 4989 1877 5055 lieri,

255 5081 283 5128 ut
303 5072 381 5128 nobis
400 5086 453 5127 uon
465 5072 647 5129 blandiremur
659 5075 749 5131 venire
762 5090 811 5131 nos
826 5076 948 5145 possead
962 5075 1041 5132 sedes
1092 5080 1264 5143 paratumque
1278 5087 1338 5129 esso
1351 5070 1459 5127 honoris
1474 5072 1514 5128 sui
1526 5073 1596 5145 apud
1617 5075 1739 5131 laomincs
1752 5075 1878 5133 damnum

201 5204 206 5211 .
254 5162 390 5220 felicitatis
408 5171 532 5228 aeterne,
549 5164 600 5217 nisi
623 5165 811 5234 tempnmlibns
830 5164 907 5220 malis
929 5164 1041 5221 exerciti
1092 5162 1208 5233 pcrqnti,
1223 5162 1401 5232 potiusquam
1424 5162 1449 5218 in
1470 5178 1501 5218 aa
1520 5165 1707 5233 contentione,
1722 5167 1811 5238 inqua
1824 5185 1877 5225 non

286 5275 294 5306 n
307 5279 361 5324 m,
376 5274 417 5324 cb.
427 5279 454 5324 et
464 5271 527 5335 m„
535 5272 635 5323 „m
647 5279 762 5324 mam
771 5271 882 5323 „pm
1092 5263 1181 5322 posset
1193 5250 1374 5322 ignorantibus
1382 5259 1409 5307 et
1419 5252 1600 5310 dubitantibus
1613 5256 1654 5312 ecl
1665 5257 1698 5312 ad
1712 5259 1781 5314 male
1793 5262 1878 5331 stapi-

285 5353 369 5403 'moe
382 5352 526 5405 eonmfimus
536 5365 622 5404 mma.
633 5365 658 5402 o.
674 5353 716 5415 bg.
729 5353 762 5402 bf.
775 5365 797 5402 c.
810 5365 846 5403 ce.
858 5354 897 5403 cb.
913 5355 940 5407 f.
958 5370 984 5412 a.
996 5370 1038 5421 pq.
1091 5340 1204 5395 mudum
1225 5339 1425 5411 proclivioribus
1446 5358 1521 5399 suam
1541 5344 1722 5402 demonstrare
1742 5351 1879 5405 eonscien-

253 5426 296 5522 ᾖ
305 5414 561 5525 ifflrssrssfflitobus
570 5415 608 5464 m.
626 5413 721 5465 dnobus
732 5427 768 5465 ic·
787 5423 889 5479 mmumr
905 5429 928 5468 i·
949 5427 1040 5469 amm
1091 5436 1165 5493 ιιιιι,
1179 5442 1263 5499 usque
1275 5428 1307 5483 ad
1322 5429 1448 5499 Ecclesia
1457 5433 1681 5500 perturbationem
1694 5434 1807 5493 inaniter
1817 5455 1878 5511 pre·

1124 5565 1132 5596 ¹
1143 5569 1304 5628 tnt.‚,noster.
1318 5562 1360 5612 alif
1371 5562 1438 5625 edu,
1446 5573 1530 5617 ιιιιιι.

1123 5623 1207 5683 mdo,
1217 5622 1337 5676 aternani,
1352 5631 1415 5686 less..
1426 5626 1564 5680 tiarncttnn

304 5553 393 5667 Elias
402 5556 443 5606 157
456 5570 527 5630 :qna
537 5566 620 5610 autem
629 5558 661 5608 78
672 5567 733 5621 erat,
745 5572 808 5611 nuuc
820 5559 873 5609 fut.
881 5560 1039 5623 smirnafbrte

283 5553 310 5615 (a

253 5627 292 5670 U·
350 5618 426 5680 ‚cire
439 5616 513 5683 illptt.
