3906 6390
97 252 149 316 lib
688 240 927 305 armaotaubtt
944 243 1082 307 cbtaets
1095 249 1127 305 ΙΙ.

96 367 191 424 amur
210 368 274 433 Deo,
288 375 391 436 tempus
413 363 553 435 prolixius,
567 370 671 418 etratus
690 359 831 424 robustior,
848 366 874 415 et
925 358 1043 424 eucratas
1052 378 1230 432 receperamus,
1245 369 1273 420 td
1282 379 1318 423 est
1332 370 1437 435 Aurelii,
1456 373 1550 444 Alppu,
1565 375 1709 448 Augustini,

95 456 435 514 transactustimorcertins
448 452 684 508 indicaburrt.Tres
698 452 875 521 limosasque
927 446 1068 519 Proferam,
1090 452 1191 519 Seueri,
1207 456 1264 525 jam
1283 460 1394 513 amnium
1412 462 1507 531 pariter
1526 466 1710 535 emungamus,
1777 470 1787 491 ⁸

96 548 196 602 utinam
218 556 271 600 tam
291 543 397 615 pandis
414 542 569 613 gtraestiouis
592 542 628 596 ita
651 540 827 610 explicatores
846 549 875 595 ut
925 535 1192 608 Ergotatsaretaranr
1203 545 1712 628 taliumrecents'ssimissermoaiiusgrn.

95 635 216 706 grandes,
231 635 402 689 tantominus
418 642 538 688 metuens
549 634 574 687 iu
588 641 614 687 te
629 631 746 688 laborem
760 630 872 702 legendi,
925 626 1043 695 talaorcs,
1064 633 1249 701 properavimus
1261 635 1296 689 ad
1312 645 1459 694 teneuram
1475 645 1568 713 referre
1584 644 1709 711 letitiam,

95 735 193 794 natanto
208 725 330 780 ardorem
341 721 683 794 perspiciodiligcndi,misi
695 721 832 776 sanctitati
846 730 873 775 et
925 725 952 769 at
973 716 1018 770 tili
1036 735 1133 789 guoque
1153 733 1323 791 exspectatam
1342 726 1368 781 in
1388 731 1586 800 peregrinarum
1603 736 1712 791 ,puppa

95 812 219 867 Clraritati
230 823 293 876 tuam
307 827 368 867 nam
381 811 491 881 quaestio
500 824 592 866 eorum
603 810 637 865 dc
650 810 746 864 bibam
760 810 875 865 Arbitrio
924 805 1045 873 gaudium
1052 809 1214 879 sesrraissimis
1220 817 1388 884 conferremus
1395 817 1503 872 indiciis.
1513 819 1544 875 Si
1552 825 1616 892 sarra
1623 825 1710 879 eurem

96 912 147 958 est.
162 902 216 957 llos
229 912 317 957 autem
334 917 388 956 uno
409 902 518 968 babere,
534 909 579 955 aut
598 915 690 956 omnes
705 916 758 956 non
777 900 875 957 babere
925 891 1710 976 deameraiilibaseraaraotissimissirisperaliarrrmadsentus

94 990 200 1046 tratrem
224 992 415 1046 Romanianum
435 990 500 1054 seio,
521 1004 660 1062 perquem
675 1005 757 1060 prope
775 990 872 1056 omnia,
925 984 1024 1038 nauium
1042 989 1193 1057 canaparisri,
1216 1008 1261 1060 per
1281 1008 1328 1046 nos
1347 995 1423 1049 etiam
1441 999 1544 1067 repetita
1561 1001 1662 1070 accipe,
1685 1015 1709 1058 er

93 1095 152 1149 aare
161 1080 321 1151 quibuslibet
333 1080 440 1135 auribus
453 1080 651 1134 accommodata
663 1079 780 1135 scribere
791 1080 873 1149 potui,
924 1073 995 1139 arad
1010 1085 1126 1129 rmaaara
1140 1077 1266 1133 hilaritate
1277 1085 1477 1139 rursuseasntra.
1494 1086 1568 1152 Quae
1579 1091 1601 1144 ,r
1612 1092 1708 1161 prem,

93 1171 179 1225 studio
200 1172 227 1225 in
247 1186 296 1225 nos
309 1180 353 1226 tuo
367 1185 420 1224 non
439 1168 600 1239 apportanda
613 1168 682 1232 dedi.
697 1168 744 1225 sed
764 1168 873 1239 legenda
925 1161 965 1215 lit
977 1164 1071 1218 dualis
1081 1167 1125 1220 tibi
1136 1170 1336 1238 attardusaeaict,
1351 1174 1478 1243 gratulare
1491 1185 1588 1231 tantam
1601 1179 1671 1235 notu
1681 1182 1709 1236 tar

92 1259 214 1315 iudicavi.
230 1260 352 1316 Habebat
365 1259 496 1329 animiam
507 1259 552 1313 ille
563 1260 660 1325 omnia,
676 1272 874 1328 secumgnege.
924 1252 1056 1320 tanpatria
1068 1255 1215 1311 claritatem
1235 1257 1333 1315 Cirrista
1351 1260 1460 1317 donante
1471 1273 1578 1332 partam,
1595 1275 1623 1320 at
1632 1268 1707 1337 guid·

91 1350 177 1403 sarbat
190 1367 197 1403 :
208 1363 255 1418 per
265 1358 423 1404 eumautem
437 1349 521 1418 prima
535 1348 661 1418 rescripta
681 1346 814 1403 transmisi
825 1346 872 1419 (a).
924 1340 985 1409 guid
1003 1342 1056 1396 illic
1074 1343 1158 1401 diuina
1175 1346 1336 1404 Prouidentia
1355 1362 1435 1422 gerat,
1458 1355 1585 1411 mirabilis
1598 1373 1706 1429 seraper,

90 1440 240 1510 Credojam
252 1451 386 1510 expertam
400 1441 570 1496 Sanctitatem
584 1450 655 1495 tuam
669 1442 811 1511 sagacitate
820 1442 874 1511 spl-
924 1440 950 1483 at
964 1432 1083 1503 scriptam
1097 1446 1147 1504 est,
1168 1438 1194 1492 ln
1210 1440 1309 1495 sanetis
1325 1441 1380 1496 suis
1395 1442 1481 1512 (Psoi.
1496 1460 1578 1513 sarrs,
1595 1446 1649 1517 56).
1669 1449 1708 1504 aet

1662 264 1786 321 lib.

91 1532 188 1597 rituali,
203 1548 280 1602 quam
295 1532 341 1587 tibi
361 1532 488 1586 Dominus
506 1532 605 1597 tribuit,
621 1531 683 1602 quid
697 1532 741 1587 ille
759 1533 799 1585 sir
811 1531 873 1586 boni
924 1521 1056 1587 prisciaci
1065 1539 1122 1577 ‘lm
1135 1528 1222 1594 prioris
1231 1529 1347 1583 “limit-

90 1608 178 1675 animo
188 1631 271 1691 gerat,
285 1630 377 1692 etqua
392 1622 418 1675 in
429 1621 475 1676 illo
490 1619 644 1675 lnlirmltate
654 1635 715 1689 pars
732 1620 870 1675 claudicet.

90 1709 164 1765 Unde
174 1710 329 1765 humanitati
340 1719 367 1764 et
379 1709 500 1765 charitati
516 1719 568 1764 tum
583 1718 636 1763 tam
650 1710 734 1778 ipsum
749 1723 827 1778 quarn
840 1707 871 1761 ll-

89 1801 151 1854 lium
165 1798 232 1869 eius,
243 1801 339 1871 legisti,
354 1809 539 1869 urspero,r1ua
554 1786 872 1853 sollicitudinccormnen·

88 1891 215 1958 darerinr,
230 1901 257 1948 et
271 1902 368 1962 quanta
383 1892 446 1947 milri
465 1889 661 1945 necessitudine
681 1888 793 1957 copulati
807 1889 870 1945 sint.

89 1980 212 2036 AEdilicct
223 1996 269 2036 eos
284 1997 333 2050 per
345 1989 371 2036 to
388 1981 524 2035 Dominus.
540 1978 614 2047 Quod
624 1979 658 2035 ab
673 1979 718 2033 illo
731 1979 814 2048 magis
827 1993 872 2049 pe-

90 2071 193 2125 tendum
204 2080 263 2125 est:
277 2071 375 2126 numid
389 2080 417 2126 tu
429 2086 507 2140 qurum
523 2070 588 2125 velis
600 2071 671 2125 nori.

123 2161 149 2213 8.
159 2159 419 2229 AduersusPaganos
428 2168 453 2213 te
463 2160 580 2214 seribere
594 2158 672 2213 didici
687 2173 719 2213 ex
731 2157 869 2213 iratribus:

88 2246 109 2299 si
122 2245 182 2314 quid
196 2245 229 2300 de
240 2253 285 2301 tuo
294 2254 399 2316 pectore
412 2262 555 2310 urercmnr,
569 2246 750 2302 indifferenter
759 2250 832 2302 mitte
843 2255 872 2311 ut

87 2335 213 2405 legamus.
229 2335 294 2390 llam
304 2345 397 2405 pectus
410 2344 483 2391 tuunr
495 2337 546 2391 talc
558 2337 661 2391 Domini
674 2338 807 2392 oraculum
819 2348 869 2407 cst,

87 2432 116 2478 ut
128 2439 160 2478 ea
173 2438 206 2478 eo
220 2425 296 2479 nobis
310 2432 363 2478 tam
378 2425 481 2495 placita,
497 2433 525 2480 et
537 2425 871 2495 adversusloquacissimas

85 2514 244 2583 questiones
253 2514 457 2591 explicatissima
466 2515 521 2570 dari
535 2529 868 2583 responsapraesumamus.

86 2602 179 2657 Libros
190 2603 333 2658 beatissimi
343 2603 554 2672 papednrlrrosii
566 2605 646 2660 eredo
657 2604 754 2660 babere
767 2607 870 2661 Sancti-

84 2700 163 2746 tatem
180 2702 265 2759 tuam,
292 2707 338 2747 cos
359 2701 447 2746 autem
468 2693 579 2747 multum
596 2692 728 2759 desidero,
742 2708 809 2764 nuos
823 2690 871 2750 ad-¹

83 2795 175 2836 sersus
189 2781 328 2836 nonnullos
339 2781 585 2850 imperitissimoset
596 2782 811 2852 superbissimos,
823 2784 867 2854 qni

82 2872 116 2927 de
127 2874 242 2928 Platonis
256 2872 331 2928 libris
345 2871 636 2940 Dominumprolceisse
645 2873 866 2939 contendunt,di-

82 2960 254 3032 ligentissime
264 2970 290 3016 et
299 2961 480 3029 copiosissime
494 2962 600 3031 scripsit
610 2963 656 3032 (i).

116 3050 326 3106 uumrrssrnns
345 3049 426 3105 lrater
444 3050 564 3106 Severus
583 3052 616 3107 de
637 3052 864 3123 condiscipulatu¹

81 3147 173 3196 nostro
185 3139 339 3194 llileritansa
353 3140 462 3195 antistes
474 3140 609 3206 Ecclesia,
621 3141 690 3196 benc
700 3141 770 3211 apud
793 3155 866 3197 eanr-

80 3231 140 3286 clem
152 3229 285 3287 civitatem
297 3230 420 3286 iratribus
434 3230 566 3299 cognitus,
576 3231 666 3286 debito
679 3232 817 3286 nobiscum
827 3231 865 3288 ol·

81 3318 318 3374 DcioSanetitatem
331 3328 446 3374 vestram
460 3320 565 3374 salutat.
576 3320 682 3376 l'ratres
690 3336 795 3391 quoquc
808 3336 865 3376 om·

80 3421 129 3463 ucs
142 3406 277 3462 nobiscum
286 3407 399 3461 Domino
409 3408 567 3473 servientes,
576 3418 629 3463 tam
643 3409 668 3464 id
682 3410 864 3480 iaciuntquam

79 3509 127 3549 ros
138 3495 304 3561 desiderant3
327 3503 380 3550 tam
400 3511 448 3551 ros
467 3496 628 3561 desiderant,
645 3512 722 3566 quarn
738 3512 785 3551 ros
806 3497 865 3552 dili·

79 3592 154 3653 gunt,
162 3591 189 3637 et
197 3592 249 3639 tarn
258 3583 380 3653 diligunt,
388 3599 467 3654 quam
476 3585 541 3638 estis
550 3585 623 3640 boni.
635 3585 713 3640 Panis
726 3601 804 3655 quem
815 3587 865 3641 mi·

79 3674 172 3741 simus,
183 3674 291 3729 uberior
306 3674 456 3730 benedictio
479 3676 535 3743 llet,
555 3675 695 3731 dilectione
711 3677 864 3746 accipientis

79 3771 175 3818 restrae
197 3763 379 3834 benignitatis.
399 3763 536 3820 Custodiat
556 3781 606 3820 ros
621 3766 748 3823 Dominus
762 3767 795 3822 ab
814 3769 863 3823 ista

78 3854 245 3922 generatione
258 3853 286 3908 in
297 3861 426 3909 aeteruum
437 3855 523 3925 (Psoi.
539 3872 576 3922 ru,
588 3856 626 3928 8),
637 3856 736 3912 domini
751 3858 864 3915 dilectis·

78 3942 139 3996 simi
152 3951 178 3997 et
191 3943 374 4010 sincerissimi,
387 3960 449 3999 aere
468 3945 582 4015 benigni,
597 3956 624 4000 et
633 3947 858 4004 abundantissima

79 4026 183 4080 Domini
194 4026 276 4095 gratia
291 4027 498 4096 praestantissimi
511 4029 616 4083 iratres.

288 4136 449 4193 bristout
469 4137 566 4192 Xllllll
580 4142 588 4162 ·
604 4137 649 4209 (e).

79 4224 205 4280 Pauliana
221 4224 389 4294 liornoniana,
409 4228 539 4298 gratulans
558 4227 680 4284 Ecclesia
706 4228 863 4301 llippomenri

112 4315 178 4386 gaad
198 4317 362 4386 Augustinum
384 4319 472 4372 eremit
491 4320 603 4390 episcopi
620 4320 752 4393 collegam.
772 4320 861 4376 Licen-

111 4407 189 4472 tiam,
213 4424 258 4477 pro
278 4424 327 4477 guo
350 4410 483 4479 scripserat
507 4411 674 4482 Augustinus,
700 4416 814 4468 bortatur
837 4423 861 4469 et

112 4513 187 4566 prosa
199 4507 223 4551 et
240 4499 359 4564 carmine,
372 4509 400 4553 at
412 4509 551 4569 contempta
563 4502 631 4556 aulae
647 4507 715 4575 [astu
727 4520 753 4557 se
765 4502 861 4566 dedicet

115 4585 222 4640 Clrristo.

77 4674 186 4730 Dourirra
199 4678 300 4743 merita,
315 4677 469 4748 praedicabili
480 4688 503 4732 et
515 4680 662 4734 deuorando
683 4681 756 4750 [ratri
771 4681 861 4737 Doar-

249 4782 339 4834 urrno,
356 4768 487 4823 Panormus
498 4778 522 4821 et
531 4767 674 4825 Tuenrsm.

112 4856 138 4909 l.
154 4854 242 4910 Pridie
251 4873 325 4924 qaam
343 4856 388 4910 lras
408 4855 534 4923 claranus,
549 4857 692 4911 reuersisea
706 4858 792 4928 Africa
807 4863 860 4930 fra·

76 4943 154 5000 trilas
166 4945 266 5008 mauris,
280 4961 384 5014 gnarum
396 4945 577 5014 exspectatione
587 4961 632 4999 nor
644 4947 751 5015 pendere
766 4946 859 5013 uidisti,

36 5040 45 5053 “
75 5035 232 5103 optatissimo
252 5045 393 5088 sanctorum
411 5042 434 5087 et
453 5033 655 5088 clarissimorum
671 5034 788 5101 amorum,
804 5035 862 5090 iude

107 5165 201 5227 ¹rdd.,
223 5161 429 5229 amdrsctpttaaru.
453 5171 481 5214 at
510 5170 563 5214 ttss.
585 5164 728 5228 octodecim,
746 5163 861 5217 eondisci-

74 5223 244 5348 Quastlgata
256 5285 330 5358 estad
341 5298 364 5334 a.
377 5286 419 5348 bg.
431 5284 465 5334 bl.
477 5285 519 5334 bn.
531 5297 553 5335 c.
565 5298 601 5335 cc.
613 5285 638 5361 li.
650 5298 675 5347 g.
688 5299 728 5349 gr.
739 5287 758 5349 1.
770 5298 795 5335 a.
807 5300 828 5336 r.
837 5299 858 5336 s.

74 5344 112 5395 dr.
125 5352 142 5394 t.
156 5359 193 5417 νοἶ
202 5347 244 5428 ΙνιΙ.
256 5358 363 5409 quruquc
374 5359 397 5395 a.
406 5352 433 5396 et
442 5346 471 5394 ad
483 5355 532 5395 Am.
541 5346 595 5395 aad.
607 5353 644 5394 tr.
656 5353 711 5395 tar.

117 5418 133 5514 l
154 5406 310 5536 filiargius
319 5465 344 5515 bi
355 5464 409 5516 libri
422 5467 544 5517 ambrosii.
724 5529 729 5539 ι

116 5538 130 5575 c
153 5524 215 5576 atras
225 5526 335 5589 amque
345 5533 428 5577 autem
438 5526 469 5578 33
480 5535 540 5588 erat,
555 5540 617 5577 uuae
631 5527 669 5578 at.
684 5535 772 5590 scripta
790 5526 860 5591 pardo

72 5595 128 5659 popt
137 5588 296 5653 superiorem.

957 1609 984 1663 Ξ.
1004 1609 1065 1665 Nan
1087 1624 1170 1668 autem
1191 1626 1287 1670 tnntrun
1300 1618 1347 1672 lroc
1363 1618 1494 1674 scribimus
1514 1623 1705 1693 gratulandum,

922 1701 989 1769 gaad
1002 1704 1171 1773 episcopatum
1192 1708 1343 1778 Augustinus
1360 1711 1491 1781 occeperit,
1506 1712 1550 1767 sad
1561 1713 1629 1785 gaad
1641 1714 1708 1773 lanc

922 1786 971 1842 Dei
980 1805 1066 1843 earam
1078 1795 1209 1847 recurrerint
1217 1794 1344 1864 Africanae·
1359 1795 1486 1862 Ecclesiae,
1499 1811 1527 1853 ut
1539 1802 1612 1856 serlo
1627 1805 1704 1859 coels·

922 1878 970 1931 stia
978 1876 1110 1950 Aagrrsrirri
1120 1899 1163 1937 ore
1173 1885 1335 1954 perciperent,
1346 1888 1389 1956 gai
1400 1888 1434 1940 ad
1443 1891 1564 1959 rnap'orerrr
1580 1890 1707 1949 Douriru'rs

922 1970 1031 2022 muneris
1038 1971 1215 2040 gratiamnoao
1228 1989 1296 2027 more
1305 1984 1443 2043 prouectas,
1456 1978 1704 2048 itaeansecratasest,

922 2066 949 2110 at
969 2074 1018 2112 nou
1038 2062 1178 2115 succederet
1194 2063 1220 2115 iu
1234 2063 1352 2117 cathedra
1372 2065 1498 2135 episeopo,
1512 2068 1557 2120 scd
1568 2069 1703 2127 accederet.
1782 2097 1785 2101 ·

923 2145 992 2200 Nam
1005 2149 1126 2203 ineolumi
1138 2150 1237 2205 Valerio
1249 2150 1419 2223 Hipponensis
1428 2152 1548 2210 Ecclesia
1557 2158 1672 2227 episcopo
1680 2160 1701 2227 ¹,

921 2237 1081 2307 eoepiscopus
1095 2239 1247 2311 Augustinus
1256 2251 1301 2297 est.
1314 2242 1346 2295 Et
1361 2242 1403 2296 ille
1414 2243 1500 2298 leatus
1511 2262 1595 2312 scaea,
1605 2250 1646 2301 rai
1655 2264 1704 2320 pa-

920 2325 1045 2379 rissimam
1057 2336 1163 2382 mentem
1176 2331 1246 2385 nullo
1259 2347 1369 2402 angerem
1384 2331 1480 2388 liuentis
1494 2335 1594 2389 incidie
1607 2336 1705 2392 macula

921 2413 1035 2481 suffudit,
1049 2416 1183 2486 dignossai
1191 2421 1274 2474 cordis
1286 2438 1348 2491 pace
1360 2438 1427 2476 nanc
1437 2423 1467 2476 nb
1475 2423 1598 2479 altissima
1605 2429 1702 2496 [ructas

921 2505 995 2573 capit,
1007 2514 1113 2575 atquem
1122 2523 1286 2563 successorem
1294 2511 1426 2564 sacerdotii
1433 2513 1704 2586 suisimpliciteropts·

920 2593 977 2662 leur,
997 2597 1063 2650 lmrrc
1077 2608 1201 2652 arer'eatar
1216 2608 1297 2654 terrac
1315 2602 1445 2674 collegam.
1466 2602 1571 2658 Cardine
1590 2607 1637 2659 doc
1654 2622 1702 2677 po·

920 2686 965 2738 tuit
984 2695 1115 2756 antequam
1131 2687 1219 2755 fieret?
1230 2689 1280 2744 Sed
1298 2692 1324 2744 ia
1345 2691 1391 2745 lrac
1404 2709 1501 2762 guoque
1518 2692 1701 2765 llnrrripoteutis

919 2789 993 2842 opere
1004 2774 1054 2828 dici
1061 2777 1228 2846 euangelicam
1236 2779 1302 2833 illud
1311 2790 1390 2850 potest
1400 2797 1410 2836 .·
1420 2782 1575 2839 llomirribus
1589 2784 1647 2841 lruc
1658 2801 1702 2847 ar·

918 2863 986 2931 duo;
1002 2866 1070 2932 apud
1090 2868 1172 2921 Deurn
1186 2875 1274 2924 atrtern
1286 2872 1374 2925 omnia
1386 2872 1518 2942 possibilia
1530 2873 1605 2945 (Luc.
1619 2891 1698 2945 arra,

917 2953 974 3026 Ξῖ).
988 2955 1149 3012 Exsultemur
1160 2959 1241 3029 itaque
1252 2960 1396 3015 et'loetemur
1405 2963 1431 3016 iu
1439 2978 1468 3017 eo
1479 2964 1523 3033 gui
1532 2965 1594 3034 lacit
1600 2965 1703 3027 mirali-

918 3048 1038 3115 liasolas,
1054 3056 1077 3102 et
1089 3049 1133 3118 gai
1149 3050 1210 3120 facit
1220 3052 1351 3105 unanimes
1363 3053 1477 3108 iraditore
1489 3054 1516 3108 irr
1533 3055 1617 3122 domo,
1636 3072 1702 3126 guo·

917 3136 985 3190 aiam
998 3138 1052 3207 ipre
1069 3138 1178 3207 respexit
1192 3138 1357 3193 inutilitatem
1374 3150 1496 3207 nostram,
1517 3151 1540 3196 et
1557 3144 1663 3198 visitarit
1674 3146 1701 3200 in

917 3224 979 3278 lano
1002 3224 1098 3295 plelem
1116 3242 1188 3279 suam
1203 3228 1265 3297 :gui
1284 3228 1361 3281 erexit
1382 3244 1460 3283 cornu
1480 3232 1507 3284 iu
1521 3230 1596 3285 doura
1617 3231 1699 3286 Dauid

916 3313 987 3381 paeri
999 3315 1047 3376 sai,
1059 3323 1083 3367 et
1096 3331 1163 3368 uuae
1175 3315 1292 3369 exultauit
1303 3333 1379 3370 cornu
1391 3317 1510 3373 Ecclesia
1518 3336 1572 3374 saa·
1584 3322 1609 3375 iu
1617 3322 1700 3378 electis

915 3402 976 3465 stris,
993 3411 1020 3453 ut
1034 3418 1128 3454 carrara
1145 3412 1312 3471 peccatoram,
1325 3405 1390 3458 sieut
1405 3422 1449 3475 per
1463 3407 1610 3476 proplretam
1620 3426 1698 3479 sport-

916 3487 1020 3555 det,lrac
1031 3500 1066 3543 est
1074 3489 1262 3545 Donatistarum
1272 3493 1528 3565 llaniclurorumgue,
1543 3499 1697 3571 corrsringnt.

950 3579 977 3633 5.
993 3576 1094 3633 lltiaam
1102 3578 1154 3632 lucc
1165 3580 1338 3635 nurrcDomiui
1347 3582 1416 3651 tuln,
1424 3599 1525 3653 pauper
1533 3585 1700 3657 augustiorem

914 3668 1021 3735 r'utonat,
1042 3669 1090 3738 filii
1107 3670 1185 3723 nostri
1205 3669 1308 3724 Liceatii
1327 3671 1409 3741 pulset
1428 3673 1539 3742 auditas,
1553 3675 1598 3729 sed
1609 3684 1637 3730 at
1653 3676 1699 3731 illa

914 3759 1000 3811 audiat
1019 3775 1088 3826 aare,
1102 3776 1151 3831 gau
1170 3758 1283 3816 Ebrietas
1298 3761 1446 3832 ingreditur,
1458 3764 1490 3817 de
1503 3780 1552 3834 gua
1567 3782 1618 3820 noa
1631 3768 1698 3838 rapit

914 3845 961 3901 Dei
974 3865 1057 3902 semea
1069 3849 1203 3904 inimicas!
1213 3849 1284 3904 Tunc
1292 3868 1347 3905 uere
1358 3852 1405 3906 sili
1415 3870 1527 3908 summus
1540 3853 1631 3909 Christi
1638 3872 1698 3929 pou·
1806 3890 1810 3897 ·

913 3938 976 4008 tissa
996 3938 1149 4009 Augustinus
1168 3938 1298 4005 uidebitur,
1312 3940 1372 4012 guia
1387 3957 1413 3996 se
1432 3951 1491 3995 tunc
1508 3952 1531 3996 et
1551 3944 1696 3999 exauditum

912 4026 999 4080 sarriet
1009 4028 1041 4080 ab
1055 4027 1161 4094 excelso,
1175 4027 1196 4081 si
1211 4044 1284 4099 guero
1296 4029 1340 4083 ribi
1353 4031 1363 4062 ¹
1379 4029 1481 4100 dignum
1498 4032 1582 4102 genuit
1591 4033 1616 4086 lu
1630 4032 1696 4088 litte·

912 4120 958 4185 ris,
972 4119 1038 4172 lianc
1053 4129 1076 4173 et
1088 4119 1134 4172 sibi
1151 4120 1225 4191 digne
1240 4121 1321 4189 pilium
1335 4121 1418 4192 pariat
1428 4123 1455 4176 ia
1467 4122 1574 4179 Cirrista.
1591 4124 1659 4178 llam
1672 4135 1697 4179 et

912 4224 989 4272 nunc,
1001 4208 1073 4261 aelim
1085 4208 1181 4273 medas,
1194 4210 1389 4280 flagrantissima
1404 4210 1435 4264 de
1452 4214 1508 4281 ipso
1521 4212 1695 4268 nobissollici·

912 4299 998 4352 radiae
1014 4300 1123 4369 scripsit.
1146 4298 1276 4354 Credimus
1291 4301 1319 4354 ia
1342 4302 1532 4371 anrnipotentem
1552 4300 1693 4370 Girristum,

912 4386 979 4460 guad
985 4387 1148 4445 adolescentis
1160 4390 1239 4443 nostri
1252 4390 1313 4444 cotis
1324 4389 1467 4445 casualibus
1481 4391 1623 4461 spiritualia
1636 4403 1693 4447 sota

912 4479 1044 4550 Augustini
1054 4479 1215 4550 prevaleant.
1235 4477 1397 4533 Vincetarael
1410 4481 1501 4537 inuitas
1509 4482 1581 4552 (rniii
1593 4482 1692 4557 crede),·

911 4569 1022 4624 uincetur
1041 4569 1146 4641 piissimi
1159 4569 1269 4639 parentis
1285 4570 1344 4639 fide,
1363 4571 1471 4624 rrerrrala
1485 4571 1691 4641 victoriarium,
1776 4606 1778 4611 ·

911 4661 1057 4715 simalaerit
1071 4660 1097 4713 in
1111 4660 1245 4729 perniciem
1259 4676 1330 4716 saum
1343 4661 1447 4726 oirrcerc,
1462 4676 1537 4730 gaam
1551 4678 1597 4733 pro
1612 4662 1693 4717 saluts

911 4750 1035 4817 superari.
1049 4748 1091 4803 Nc
1104 4765 1210 4803 sacuam
1222 4750 1341 4818 fraterna
1361 4750 1523 4804 lrurnarritatis
1532 4750 1642 4819 opimam
1653 4751 1691 4805 ri·

912 4836 1019 4901 Matar,
1028 4838 1060 4891 da
1067 4836 1104 4908 (a)
1113 4838 1248 4892 buccellato
1253 4838 1395 4894 christianae
1404 4839 1576 4907 expeditioris,
1586 4841 1613 4894 in
1619 4842 1693 4912 cajus

912 4927 1040 4995 procincta
1051 4926 1160 4995 quotidie
1179 4925 1213 4978 ad
1232 4926 1384 4996 frugalitatis
1402 4942 1528 4982 annonam
1544 4928 1690 4997 militamus,

912 5033 990 5088 panes
1001 5016 1108 5089 mergae
1121 5016 1165 5070 rttr·
1179 5016 1272 5087 pariter
1287 5024 1310 5071 et
1330 5016 1482 5086 plancaro
1498 5018 1608 5073 Licentia
1621 5019 1691 5073 ausi·

911 5125 977 5163 mas.
992 5107 1053 5163 llam
1062 5107 1127 5161 enim
1137 5107 1261 5177 potuimus
1272 5123 1288 5160 a
1300 5107 1465 5161 benedictione
1477 5122 1692 5177 smmum,ng

944 5222 953 5253 ¹
969 5228 1009 5269 ee.
1021 5216 1111 5269 bened.
1121 5231 1170 5283 ooo
1177 5218 1370 5281 babeotvocem
1383 5215 1505 5281 episoma,
1516 5226 1588 5279 quam
1598 5217 1692 5280 reperi·

913 5280 1129 5332 muslnaliisldd.
1161 5286 1189 5328 tr.

942 5344 1026 5402 ¹rare,
1038 5339 1092 5392 sili.
1103 5340 1146 5389 abl
1156 5339 1222 5400 cdd,
1233 5336 1283 5390 ribi.

943 5404 979 5465 (a)
986 5401 1144 5453 buccellatum
1151 5395 1693 5462 vombaoumitrurtsprorssrtbmeettetere

912 5464 1008 5513 modum
1018 5462 1157 5521 coniectus,
1168 5470 1195 5513 ut
1205 5460 1235 5509 ad
1245 5473 1305 5511 usus
1319 5459 1500 5525 dluurrottatem
1515 5457 1608 5508 metius
1620 5468 1692 5511 exau

911 5532 1042 5646 graeciam
1052 5522 1146 5642 amun
1160 5522 1273 5572 ammian.
1286 5518 1329 5570 lib.
1344 5521 1383 5585 l'i,
1396 5520 1437 5572 ttic
1447 5518 1552 5583 patroio
1566 5525 1617 5575 itm·
1631 5518 1693 5579 tui·

963 5598 984 5649 r,
1012 5597 1054 5635 ace
1122 5617 1128 5631 .
