3916 6376
72 319 124 377 qu
647 303 887 367 setslotttttblt
906 302 1044 365 cmssls
1061 305 1105 363 llt.
1631 310 1685 369 bib

70 428 189 496 secundi,
203 429 238 487 de
251 443 304 498 quo
316 442 384 484 nune
397 426 507 498 quaestio
518 432 568 478 est.
580 423 617 477 be
630 418 853 488 secundaqqupe
907 429 967 478 uus,
981 427 1079 487 quantu
1095 418 1180 489 magis
1197 418 1313 475 creditur
1326 429 1353 476 et
1366 422 1523 492 predicatur
1535 423 1614 479 eutius
1628 436 1689 479 ease

72 521 184 575 adventu
198 533 247 574 suo
258 518 334 581 dixit,
353 515 413 570 Non
424 522 460 568 est
471 523 577 567 oestron
589 512 652 565 scire
664 520 785 579 tempera,
800 522 852 561 non
905 515 1045 572 tenturus;
1070 509 1152 578 magis
1171 522 1232 564 eum
1249 508 1393 579 diligebant
1413 511 1459 583 qul
1474 511 1532 583 ejus
1543 512 1686 569 adventum

71 610 105 664 de
127 606 272 678 primozdc
292 608 336 660 illo
357 606 427 660 enirn
446 603 480 658 ab
499 617 532 657 eo
548 601 707 671 quaesierunt
728 597 852 668 Discipuli
902 592 957 662 jam
972 594 1069 649 instare
1083 593 1417 669 dicebantquamhiquas
1428 601 1686 671 Apostoluseiscre-

17 744 21 754 .
72 712 149 767 quern
164 695 317 766 sperabant,
333 708 384 748 non
399 692 432 747 de
447 692 497 746 isto
509 706 587 761 quem
607 690 662 760 jam
677 688 809 744 videbant.
824 687 853 744 Si
905 681 969 738 dere
979 683 1142 751 prohibebat,
1154 686 1194 741 uel
1205 687 1261 755 ipse
1271 686 1412 757 Apostolus
1420 690 1464 758 qui
1475 688 1525 747 hoe
1533 691 1622 762 utique
1632 704 1685 747 non

71 787 143 842 enim
155 787 265 855 primunt
274 783 331 852 ejus
338 782 477 836 adrentum
490 781 574 836 ltrdtei
582 779 777 850 cognovissent,
786 793 853 832 ιιιιιι-
905 772 1037 828 credebat.

72 888 150 943 quiana
165 871 303 926 bominum
318 871 408 940 gloriae
419 870 611 926 crucifixissent
623 868 646 938 (1
658 866 715 922 Cor.
727 882 756 932 n,
767 867 812 938 8);
827 875 854 920 et
939 862 1050 918 clt‘ur
1069 862 1158 917 tl-
1171 866 1213 921 lii.
1232 866 1259 923 Si
1271 877 1360 923 autem
1373 884 1484 926 onerosa
1497 887 1549 927 nau
1561 880 1602 928 cst
1614 872 1685 928 inir-

71 967 131 1021 idee
146 979 198 1019 non
213 963 304 1025 everti.
322 962 369 1017 sed
383 977 536 1032 peranauere
555 961 710 1031 potuissent.
732 959 854 1015 lamvere
905 951 1052 1007 1111111111
1067 952 1203 1009 sanctitati
1223 964 1284 1022 1¹¹oe·
1305 966 1365 1027 liel⁰
1382 960 1499 1027 apertius
1508 976 1559 1015 non
1569 963 1686 1031 graveris

72 1052 142 1123 quud
155 1053 191 1107 ait
204 1053 237 1107 ad
250 1067 306 1118 eos,
318 1050 494 1106 Partitcutiam
503 1053 584 1123 agite·
594 1050 716 1120 correpteta
728 1058 854 1104 matteas·
905 1043 1436 1112 1111011610(ιιιοιιιοάοιιιιοιιίιιιοιιιίιιειιι
1458 1063 1534 1119 posse
1547 1059 1686 1123 temporam

68 1158 145 1212 pom,
160 1141 270 1195 eradicet
283 1140 420 1213 Evangelio
433 1141 527 1212 (linc.
541 1156 561 1208 r,
577 1140 633 1210 15),
649 1139 728 1195 etiam
742 1139 797 1207 ipse
811 1138 855 1192 llr-
905 1148 1034 1188 mersura
1043 1135 1160 1206 colligere
1164 1151 1175 1200 ,·
1189 1150 1222 1191 ne
1235 1135 1301 1192 lorte
1315 1145 1342 1193 et
1351 1137 1401 1193 boc
1411 1138 1476 1193 mibi
1488 1140 1686 1212 uidenturquod

72 1232 151 1287 musti
165 1233 199 1287 tle
213 1232 244 1287 iis
258 1233 419 1302 temporibus
434 1231 532 1287 dictum
546 1246 604 1286 esse
618 1230 778 1290 ludaeorum,
795 1243 855 1297 quse
906 1222 984 1278 eliam
1005 1224 1132 1283 Clxaritati
1153 1234 1214 1295 tuae,
1230 1235 1257 1283 et
1272 1227 1366 1283 frustra
1381 1229 1490 1300 quilibet
1503 1240 1621 1287 nostrum
1644 1232 1687 1286 iu·

73 1322 197 1375 continuo
209 1330 267 1390 post
277 1336 375 1391 paucos
384 1321 576 1377 annosluerant
588 1320 741 1386 transitura,
752 1328 778 1373 et
786 1332 856 1374 truite
906 1312 971 1366 stmi
992 1322 1128 1385 exspectet
1146 1316 1180 1371 ab
1200 1317 1291 1372 altero.
1311 1318 1377 1373 Cum
1399 1318 1449 1374 boc
1471 1320 1541 1374 enirn
1562 1320 1686 1388 dixisses,

73 1411 196 1465 noubnus
207 1411 261 1480 jam
275 1425 335 1466 esse
348 1420 487 1475 uauasacta,
501 1424 592 1465 euersa
602 1408 703 1464 scilieet
712 1408 818 1463 ciuitate
827 1405 853 1461 in
906 1401 1001 1458 deiude
1019 1405 1158 1461 subdidisti
1172 1415 1198 1461 et
1212 1408 1271 1463 aisti
1287 1426 1294 1461 :
1308 1408 1471 1481 Euangciium
1491 1409 1593 1479 qaideat
1613 1409 1685 1475 dicit,

73 1516 123 1571 qua
141 1516 248 1571 regnum
261 1515 352 1557 eorum
363 1501 447 1556 [uem
456 1499 636 1554 constitutum,
910 1510 919 1543 ι
931 1491 969 1547 De
978 1494 1018 1551 dic
1031 1504 1055 1549 ct
1066 1498 1128 1550 itura
1140 1512 1211 1551 nemo
1220 1499 1266 1551 scit
1282 1517 1291 1550 ι
1303 1497 1406 1569 (11ιιιι1ι.
1421 1514 1499 1565 xxxv,
1513 1501 1557 1569 56)
1569 1518 1575 1553 ι
1586 1516 1632 1571 ego
1640 1516 1688 1554 aar·

110 1591 153 1645 15.
174 1589 286 1644 Proinde
304 1589 373 1657 quod
387 1604 419 1643 ex
433 1587 540 1642 Daniele
560 1586 593 1642 de
614 1586 750 1641 interiecta
771 1584 855 1640 bestia
907 1588 966 1648 tem,
980 1582 1077 1652 inquis,
1090 1601 1135 1654 pru
1150 1585 1311 1655 possibilitate
1324 1587 1461 1644 intellectus
1475 1590 1523 1642 mei
1532 1588 1598 1653 dico,
1608 1605 1687 1659 nque

75 1680 161 1749 posuit
175 1677 364 1733 venerabilitas
378 1686 432 1743 tua,
448 1685 475 1731 et
494 1675 527 1731 tle
541 1675 699 1745 reliquarum
712 1674 854 1729 bestiarum
906 1685 1210 1740 maurannetheanaum
1224 1674 1342 1728 aduectas
1361 1675 1441 1746 ipsias
1463 1675 1523 1730 sciri
1543 1671 1625 1747 porse.
1648 1676 1686 1731 lta

75 1782 166 1837 reguo,
181 1775 208 1821 et
219 1767 288 1821 inter
302 1765 359 1820 bae
372 1765 405 1819 de
417 1765 469 1819 stilo
481 1764 595 1819 hominis
606 1765 794 1819 uenienteeum
806 1778 856 1816 nu·
906 1758 976 1812 euim
998 1758 1048 1813 bec
1068 1760 1171 1816 ridetur
1184 1777 1289 1830 sonare,
1305 1772 1428 1833 tanquam
1448 1780 1501 1819 ιιοιι
1521 1766 1604 1835 pessit
1623 1766 1687 1822 sciri

74 1857 150 1910 bibus
171 1856 246 1922 caeli,
269 1853 434 1909 manifestum
457 1868 517 1909 esse
538 1852 626 1908 dixisti
653 1851 857 1922 intelligentibus
906 1853 1227 1919 quoannotenturnssit,
1241 1853 1287 1907 sed
1300 1853 1689 1924 possitselriquaiaebdomade

73 1942 246 2011 Scriptorum.
257 1942 309 1998 Sed
319 1941 341 1997 si
354 1941 474 2012 diguatus
487 1939 568 1995 lucris
579 1953 711 2009 exponere
723 1938 855 2009 quomodo
906 1952 1044 2003 annorum,
1062 1939 1102 1995 tel
1122 1955 1172 2009 qua
1186 1939 1286 1996 decade
1296 1957 1303 2006 ;
1315 1950 1438 2012 tauquam
1451 1941 1502 1997 dici
1516 1942 1599 2012 possit
1610 1951 1689 2014 atque

75 2032 124 2085 ista
140 2032 288 2100 pertincant
308 2030 341 2085 ad
361 2029 571 2101 cognoscendum
597 2029 721 2098 temporis
741 2028 855 2098 spartian
906 2023 1013 2080 deliniri
1028 2027 1095 2081 intra
1110 2028 1170 2083 illus
1182 2028 1224 2084 rel
1239 2029 1297 2084 illus
1311 2039 1410 2098 septena
1422 2046 1515 2095 arunas,
1526 2041 1572 2086 aaut
1581 2032 1691 2088 intrail·
1771 2010 1778 2025 ’

76 2130 134 2189 pust
146 2120 215 2189 quod
227 2120 277 2175 erit
288 2118 431 2173 saltatoria
444 2118 583 2182 adtentus,
599 2118 633 2171 ita
647 2128 676 2171 ut
690 2118 857 2173 inveniantur
907 2115 947 2170 los
962 2117 1003 2171 rel
1019 2117 1077 2172 illus
1099 2118 1191 2173 decem
1214 2134 1308 2173 annos.
1330 2120 1405 2186 Quod
1426 2120 1449 2175 si
1471 2136 1503 2175 ne
1517 2120 1568 2176 boa
1581 2121 1688 2191 quidem

75 2209 131 2262 siue
144 2209 196 2263 ulla
210 2208 379 2277 ambiguitate
400 2205 555 2269 nranilesta;
578 2205 679 2260 iutebor
701 2208 779 2261 etiarn
801 2207 856 2276 ipse
907 2204 1095 2273 comprehendi
1108 2214 1206 2277 potest,
1228 2219 1318 2277 quaero
1337 2216 1425 2262 utrum
1444 2207 1484 2263 sic
1499 2208 1591 2263 stlitem
1605 2209 1691 2279 pessit

76 2312 134 2350 eum
148 2311 241 2366 magna
255 2297 357 2350 actione
370 2295 524 2366 gratiarum,
540 2295 602 2350 illud
620 2294 690 2363 quud
708 2296 745 2349 ait
766 2296 856 2351 buturi·
907 2292 1009 2347 deliniri
1024 2303 1127 2364 tempus
1139 2296 1265 2351 adrentus
1277 2298 1344 2366 eius,
1359 2304 1389 2351 ut
1403 2312 1462 2351 eum
1477 2306 1614 2353 reburrum
1629 2312 1690 2354 esse

75 2400 133 2449 nus,
148 2383 207 2438 Non
222 2392 375 2438 cstucstrum
387 2384 581 2455 scirctcnrpora,
594 2383 855 2454 antuxnnudottpu-
907 2381 1025 2439 dicantus
1040 2384 1107 2439 intra
1129 2385 1204 2453 istos,
1226 2386 1300 2442 rerbi
1320 2386 1414 2457 gratia,
1439 2386 1625 2458 quinquaginta
1645 2387 1690 2443 uel

74 2473 148 2527 stalis
162 2487 220 2527 esse
231 2472 340 2537 dictum,
350 2487 402 2527 uon
416 2472 528 2542 posteris
540 2487 642 2539 eorum,
656 2472 699 2543 qui
713 2487 744 2527 ea
755 2473 854 2528 inerant
906 2483 1012 2529 ceritum
1025 2490 1119 2542 nunes,
1133 2477 1172 2532 uel
1187 2478 1315 2546 qumlibet
1328 2492 1375 2532 seu
1391 2476 1499 2547 majoris
1517 2478 1620 2533 numeri
1641 2491 1690 2533 scu

75 2561 212 2631 cognituri.
907 2562 1017 2618 raineris
1031 2579 1169 2630 antrorum,
1188 2566 1275 2621 sedin
1296 2580 1348 2634 quo
1364 2580 1466 2631 enrutu,
1488 2580 1536 2620 tros
1557 2567 1688 2636 ignorare.

109 2650 220 2707 eleut
241 2650 318 2705 11.-
333 2652 373 2706 lt.
395 2652 547 2722 lliligendus
570 2668 633 2724 crgo
646 2660 696 2712 est.
712 2663 739 2707 et
759 2669 854 2723 cxspe-
907 2650 963 2707 llue
975 2654 996 2707 si
1008 2654 1062 2723 jam
1076 2654 1307 2724 comprehendisti,
1319 2653 1430 2709 multum
1440 2653 1559 2725 estquod
1568 2669 1690 2726 compre·

70 2740 186 2803 ¹elattdus
200 2741 314 2808 bantini,
325 2742 392 2797 sicut
406 2752 496 2799 sancte
508 2743 632 2807 hortaris,
643 2743 786 2807 adtentus:
801 2760 857 2800 ma·
908 2741 1024 2797 bendere
1041 2744 1157 2811 potuisti.
1175 2743 1289 2814 idipsum
1311 2753 1352 2797 est
1371 2752 1459 2798 autem
1480 2743 1549 2814 quod
1573 2758 1638 2815 rogo
1660 2753 1690 2797 ut

74 2846 203 2901 gulamque
215 2830 281 2885 dieis
293 2845 353 2886 esse
365 2831 553 2887 beatitudiuem
562 2833 728 2902 diligentibus
739 2834 797 2903 ejus
808 2834 856 2888 ad·
907 2831 984 2885 nobis
1009 2833 1137 2901 benignus
1164 2832 1315 2901 impertias,
1340 2831 1468 2888 adlribens
1491 2832 1586 2888 idonea
1607 2832 1690 2887 docu-

74 2932 191 2983 rentum,
206 2928 233 2975 et
241 2919 352 2975 adhibes
362 2922 480 2991 Apostoli
489 2922 678 2987 testimonium,
692 2923 766 2991 cujus
776 2923 854 2978 uerba
907 2928 998 2975 menta
1019 2921 1113 2990 quibus
1135 2922 1160 2976 id
1183 2921 1298 2991 potueris
1312 2920 1453 2993 indagare:
1466 2921 1489 2976 si
1501 2931 1590 2977 autem
1603 2935 1690 2991 ιιοιιιιιι

75 3010 114 3064 sic
129 3008 371 3079 nutriebamini
384 3011 493 3079 reponte
506 3020 544 3065 eat
563 3010 624 3064 uiilri
637 3025 730 3065 carana
742 3012 854 3077 iustitia,
907 3010 958 3066 boe
967 3010 1233 3082 tecomprebendisse
1241 3010 1388 3082 praesumis,
1397 3010 1448 3067 boe
1456 3009 1616 3081 sentisqood
1628 3024 1689 3080 ego.

73 3115 148 3168 quiam
162 3099 247 3152 redilct
260 3097 322 3151 arilli
337 3099 459 3155 bantinus
465 3100 551 3170 justin
560 3099 728 3171 judaaiuiila
738 3102 856 3158 dictura
943 3100 985 3153 ll.
1005 3098 1152 3156 Novissima
1164 3100 1234 3155 enim
1249 3113 1309 3156 esse
1327 3100 1377 3154 ista
1391 3106 1521 3169 tentpora,
1540 3097 1632 3154 multis
1644 3113 1690 3154 re·

74 3188 248 3241 saturnautem
260 3188 331 3252 utilti,
347 3187 473 3243 reddin
486 3188 529 3259 qui
542 3189 648 3257 diligunt
660 3189 792 3243 aduertam
804 3191 857 3245 ba-
907 3204 965 3243 ιιιιιι
984 3188 1067 3259 signis
1084 3191 1281 3260 apparentibus,
1300 3204 1359 3261 aptae
1378 3189 1516 3244 bominum
1537 3189 1692 3259 praedixisse

74 3274 135 3328 trtint'
149 3274 187 3341 (ll
203 3274 258 3327 lim
272 3290 309 3339 xv,
327 3275 365 3344 8).
379 3274 453 3330 Tunc
474 3276 555 3341 eninr,
576 3276 644 3330 sicut
661 3291 695 3331 ex
716 3278 857 3347 Evangelio
908 3277 1029 3348 legimus,
1043 3279 1193 3350 omnesqui
1211 3294 1242 3334 ea
1263 3278 1405 3342 nmina,
1423 3279 1566 3334 cernimus.
1588 3277 1641 3334 Sed
1663 3285 1692 3333 et

74 3377 278 3426 commemoras,
293 3361 364 3416 lasti
375 3362 505 3434 [uigebant
519 3364 667 3417 aieutsaiin
680 3380 756 3435 regua
771 3362 857 3419 Patria
908 3366 981 3422 mille
997 3381 1126 3422 annorum
1141 3375 1255 3438 tempus,
1275 3367 1298 3422 si
1317 3380 1409 3422 eorum
1430 3366 1490 3423 linis
1509 3373 1582 3423 esset
1599 3367 1691 3422 stecadi

74 3451 114 3504 sui
129 3450 233 3523 (llattb.
245 3466 302 3517 xnt,
316 3449 361 3523 15)
371 3469 377 3506 :
387 3460 414 3506 et
422 3452 492 3522 quod
504 3451 630 3521 propbeta
638 3451 711 3519 dicit,
723 3453 786 3507 Ecce
792 3455 857 3508 enim
908 3453 979 3521 bnis,
998 3465 1088 3525 posset
1101 3457 1252 3512 uniuersum
1267 3456 1317 3511 diei
1330 3456 1502 3511 notissimum
1523 3465 1635 3525 tempus,
1648 3456 1691 3513 rel

74 3541 155 3609 caliga
167 3551 191 3595 ct
202 3542 308 3597 terebra
318 3543 429 3612 operient
442 3552 533 3595 terram
544 3558 619 3612 anper
628 3545 857 3614 gentcaginteara
909 3543 989 3599 etiam
1003 3544 1162 3601 notissimus
1175 3545 1241 3611 dies,
1257 3545 1318 3615 qnia
1333 3544 1460 3614 scripturn
1479 3553 1531 3613 est,
1546 3544 1620 3600 little
1629 3546 1692 3600 anai

75 3633 203 3703 apparebit
216 3633 348 3698 Dantinus,
361 3643 384 3687 ct
395 3633 513 3704 majestas
525 3634 579 3704 cjaa
587 3634 613 3686 in
622 3643 645 3687 tc
653 3634 773 3691 ridebitur
781 3635 856 3708 (lsai.
908 3645 966 3688 autc
974 3634 1060 3688 aceias
1073 3643 1270 3705 tarantasmum
1282 3634 1408 3689 diesuna
1421 3632 1507 3705 (eat.
1519 3649 1629 3702 exntx,
1642 3635 1690 3705 1);

77 3736 122 3784 nx,
139 3720 185 3792 il:
201 3722 261 3775 item
278 3720 348 3791 quod
360 3721 487 3792 seriptum
500 3731 550 3788 est,
573 3722 622 3787 Ωιι·
641 3737 697 3777 aero
718 3733 857 3797 mpecmat
909 3734 938 3780 ιιι
949 3724 1075 3795 quidquid
1088 3739 1135 3794 per
1144 3724 1252 3779 eosdem
1266 3724 1337 3780 tuille
1350 3738 1435 3778 auitos
1447 3731 1593 3793 gereretur,
1602 3724 1692 3780 ueris·

77 3807 223 3872 demittam,
236 3808 394 3864 exsatiatam
413 3826 470 3864 cnm
490 3811 596 3874 eirtata,·
615 3812 751 3882 producent
763 3830 858 3881 pernas
908 3813 1106 3883 simutemporo
1120 3812 1161 3867 rel
1176 3809 1369 3866 nouissimodie
1381 3810 1691 3882 dicereturgeri.lterum

76 3900 140 3953 sicut
156 3900 369 3970 equitatorum
387 3908 411 3954 ct
428 3917 477 3954 non
489 3900 646 3967 luborabunt,
661 3901 823 3957 ambutabunt
834 3914 858 3959 et
908 3902 979 3955 euim
1000 3900 1068 3968 dieo,
1089 3899 1160 3970 quod
1180 3900 1207 3955 iu
1229 3901 1277 3955 bae
1296 3914 1375 3955 causa
1388 3914 1458 3970 saepe
1473 3900 1612 3955 dieendum
1626 3906 1668 3955 est
1683 3916 1692 3953 z

77 4007 127 4045 aotr
136 3990 244 4045 esurient
257 3989 313 4063 (lt.
326 4006 368 4056 ιι,
380 3988 436 4065 el).
909 3990 1106 4045 consideremus
1117 3996 1179 4045 aute
1190 4006 1268 4059 aquarn
1288 3988 1384 4043 maritos
1397 4004 1480 4043 attnos
1492 3989 1587 4044 dixerit
1598 3988 1693 4044 beatus

113 4081 157 4136 15.
177 4079 233 4135 lioa
251 4080 329 4150 plane
350 4081 467 4149 piissime
486 4089 514 4137 et
533 4082 670 4137 uerissime
690 4081 766 4150 dieis,
782 4097 857 4138 eom·
908 4079 1024 4135 loannes
1035 4078 1206 4148 euangelista,
1220 4077 1365 4133 Nouissima
1377 4079 1439 4131 liora
1452 4089 1497 4132 cst.
1512 4077 1577 4134 lium
1592 4079 1616 4133 si
1630 4086 1694 4133 tunc

78 4170 206 4224 mendant
216 4185 307 4224 eurum
322 4170 520 4236 beatitudinem,
533 4171 578 4240 qui
590 4171 702 4242 diligunt
717 4173 857 4228 adrentum
909 4182 1038 4234 essemus,
1060 4167 1112 4221 hoo
1133 4167 1234 4232 audito,
1248 4167 1353 4237 1111111110
1374 4168 1542 4223 “Memmii
1557 4175 1597 4222 101
1608 4182 1693 4224 annos

79 4258 191 4312 liontiui.
208 4258 260 4313 Sed
273 4268 298 4312 ct
313 4258 348 4311 illi
362 4258 457 4328 quibus
469 4258 733 4328 dicebatbpostolus,
743 4259 859 4316 Noscito
910 4264 1000 4325 postea
1015 4257 1181 4323 transituros,
1196 4270 1228 4311 aa
1242 4270 1294 4311 uon
1308 4255 1405 4325 potius,
1420 4258 1478 4326 ipsu
1491 4255 1577 4313 adbuc
1588 4257 1692 4313 loanne

79 4346 225 4398 recreamini
246 4355 336 4410 meare,
356 4347 429 4415 quasi
442 4347 515 4400 instet
527 4348 579 4401 dics
591 4347 704 4412 demitti,
717 4348 860 4419 diligebant
910 4346 1215 4416 incorporeeonstituto,
1227 4346 1367 4401 Dominum
1379 4360 1546 4415 speraremus
1554 4360 1614 4402 esse
1626 4361 1691 4402 uen-

80 4436 169 4502 utique
187 4434 327 4488 aduentum
344 4435 446 4489 bantini
457 4454 465 4489 ι
476 4450 525 4491 nec
537 4450 584 4491 cos
599 4436 649 4491 boc
662 4437 751 4492 diceus
765 4438 861 4493 beator
911 4436 1017 4491 turum?
1029 4436 1119 4508 Neque
1132 4437 1202 4491 enirn
1223 4435 1299 4503 dixit,
1324 4434 1499 4490 Nouissimam
1518 4444 1622 4506 tempus
1640 4446 1691 4505 est,

79 4521 202 4578 Genuum
215 4522 248 4577 ab
260 4522 303 4577 illa
313 4522 452 4578 dilectione
462 4523 607 4594 frangebat,
617 4539 668 4594 qua
679 4525 861 4580 utinssnnmta·
910 4534 955 4580 aut
967 4524 1125 4581 notissimus
1137 4538 1232 4589 annus,
1247 4531 1294 4579 aut
1303 4522 1412 4588 mensis,
1423 4532 1468 4577 aut
1482 4523 1555 4590 dies;
1569 4524 1626 4591 sel,
1637 4523 1693 4579 Na·

79 4620 171 4667 rentur
185 4612 301 4677 relebat;
315 4620 341 4667 et
351 4611 411 4667 idco
421 4611 525 4668 nolebat
535 4622 562 4668 ut
573 4613 713 4670 crederent
725 4615 764 4669 eis
778 4617 861 4684 aqui·
911 4615 1010 4669 eiraiura
1023 4615 1130 4669 baraca
1138 4629 1148 4671 .·
1162 4622 1189 4669 et
1198 4628 1261 4671 ecee
1273 4614 1322 4667 ista
1336 4613 1486 4681 boraquatu
1495 4612 1634 4682 longeest!
1643 4629 1692 4668 nee

78 4699 382 4755 busaudiebautiustare
390 4699 460 4758 diem
468 4701 582 4766 beurim,
591 4716 625 4756 ue
633 4699 700 4755 forte
708 4716 768 4756 cuna
779 4711 860 4757 traus-
912 4712 999 4757 ιιιιιιιι
1013 4710 1054 4757 est
1069 4702 1115 4756 ille
1126 4701 1251 4757 mentitus
1268 4717 1275 4754 ι
1290 4700 1337 4756 sed
1353 4700 1443 4770 utiquc
1458 4700 1640 4771 intelligendus
1651 4709 1694 4756 est

78 4791 143 4846 isset
155 4799 259 4858 tempus
272 4805 324 4860 qua
338 4805 398 4845 eum
416 4790 582 4846 crediderant
594 4805 653 4848 esse
669 4799 818 4860 uenturum,
833 4801 861 4848 et
912 4792 1003 4847 borum
1019 4807 1066 4861 pro
1079 4801 1197 4860 tempure
1210 4791 1339 4861 posuisse.
1351 4790 1425 4858 Qarud
1440 4792 1559 4845 uuurnnlli
1572 4791 1611 4847 sic
1623 4791 1693 4847 aeci·

79 4881 184 4935 renisse
206 4894 259 4935 noa
280 4887 429 4946 cernerent,
449 4880 528 4935 etiam
547 4887 643 4934 catera
663 4879 791 4937 fallaciter
809 4880 859 4935 sibi
912 4881 996 4951 piant,
1008 4889 1037 4936 ut
1050 4894 1096 4935 sex
1110 4894 1239 4935 arruurum
1254 4879 1333 4934 millia
1346 4880 1509 4935 constituant
1529 4879 1599 4934 reiut
1610 4894 1691 4935 unum

79 4966 195 5037 promitti
208 4966 376 5031 arbitrantes,
389 4967 463 5022 etde
474 4966 530 5036 ipsa
549 4966 672 5023 mercede
691 4966 752 5023 lidei
764 4967 860 5039 despe·
911 4971 1113 5042 diem,eumque
1122 4969 1148 5024 in
1160 4978 1249 5039 partes
1256 4968 1327 5025 relut
1338 4967 1419 5025 boras
1428 4969 1565 5025 duodecim
1577 4970 1692 5038 matian-

78 5064 178 5112 rareut.
199 5055 256 5111 Nou
277 5071 341 5125 ergo
363 5054 407 5110 ille
426 5055 510 5125 diligit
531 5055 671 5111 aduentum
687 5055 799 5120 bomini,
815 5056 859 5127 qui
913 5070 965 5126 tur,
980 5069 1008 5116 ut
1019 5060 1058 5117 sie
1072 5059 1227 5131 quingentos
1239 5072 1322 5114 annos
1335 5065 1484 5129 postremus
1497 5057 1561 5115 bora
1573 5058 1693 5115 uideatur

79 5160 140 5200 eum
152 5145 246 5199 asserit
260 5145 446 5215 pmpinquare,
459 5153 503 5197 aut
518 5142 562 5200 illc
573 5144 618 5214 qui
630 5143 725 5199 asserit
740 5159 793 5200 non
805 5161 860 5215 pro
913 5149 1010 5206 lxairere
1029 5159 1180 5218 postrema:
1191 5146 1217 5204 in
1231 5148 1326 5219 quibus
1339 5148 1417 5204 annis
1434 5148 1490 5219 lam
1508 5147 1635 5214 ioannes,
1650 5148 1693 5204 in·

79 5236 220 5304 pinquarc;
233 5233 280 5289 sed
301 5234 345 5290 ille
364 5236 451 5304 petius
470 5233 515 5304 qui
535 5248 606 5302 eum,
628 5234 684 5290 site
702 5250 785 5305 prope
804 5236 860 5291 siue
912 5242 1015 5310 quiunt,
1031 5240 1195 5310 loquebatur,
1209 5237 1314 5309 quando
1335 5238 1505 5295 notissimam
1527 5239 1620 5293 boram
1634 5251 1695 5295 esse

79 5326 156 5393 lunge
168 5322 212 5388 sit,
226 5321 378 5378 sinceritate
390 5320 461 5390 odd,
477 5323 600 5379 llrmitate
610 5325 678 5395 spei,
692 5325 787 5381 ardore
797 5327 861 5384 elta·
911 5330 1024 5387 dicebat.

79 5413 166 5468 ritatas
182 5419 328 5482 exspectat.
344 5411 408 5466 llam
422 5412 446 5469 si
461 5419 533 5467 tarxto
546 5413 630 5483 magis
642 5413 758 5488 diligitur
770 5418 861 5474 bomi·
949 5419 991 5474 tt.
1007 5417 1059 5473 Sed
1082 5415 1153 5472 aliud
1172 5424 1213 5471 est
1237 5430 1316 5472 nassa
1337 5415 1445 5487 aliquid,
1460 5415 1531 5472 aliud
1552 5416 1694 5487 suspicari.

110 5546 119 5576 a
136 5543 202 5602 m,
213 5540 304 5592 mg,
323 5542 455 5609 mm·
474 5550 502 5594 „
515 5550 570 5595 ¹53·
579 5544 712 5609 mm
726 5548 860 5614 ,mm-⁰,
912 5511 965 5567 Cur
977 5508 1047 5566 enim
1060 5506 1254 5609 nonpotius,si
1266 5520 1315 5562 sex
1328 5520 1455 5562 annorum
1469 5506 1550 5610 miliia
1563 5505 1694 5576 deputan-

79 5607 145 5655 iuxta
155 5615 259 5668 gaam
267 5609 380 5667 parm
387 5617 418 5655 cn
427 5605 451 5657 td
461 5604 595 5671 magati.
914 5600 964 5657 dus
973 5608 1015 5655 eat
1023 5612 1093 5654 unus
1102 5598 1169 5666 dxes,
1180 5611 1232 5652 non
1239 5595 1403 5661 duodecima,
1411 5595 1459 5652 scd
1469 5610 1592 5653 stamina
1602 5608 1694 5667 quarta
