3906 6390
113 358 165 410 uss
676 344 913 408 srtsrutanun
933 344 1067 404 tusssts
1086 347 1127 404 nt.
1681 362 1733 418 m

113 466 183 536 quod
197 466 357 536 originaliter
379 463 499 531 trahitur,
522 478 608 533 neque
628 463 661 518 ab
676 462 717 518 his
737 477 796 531 quor
814 475 897 515 unus·
949 460 993 520 ιι.
1008 460 1061 532 sb).
1076 478 1134 532 quae
1148 479 1196 518 nec
1216 463 1268 516 lato
1283 466 1420 533 premitur,
1436 483 1485 525 nec
1499 468 1614 526 fortuitis
1629 474 1734 529 casibus

114 557 225 626 tpttlsqtle
243 558 268 610 in
283 556 334 610 rita
348 554 452 624 propria
464 552 505 608 rel
519 554 588 608 non‘
608 552 777 623 intelligendo
790 552 832 607 rol
850 565 897 607 no-
949 551 1098 620 impeditnr,
1115 569 1164 608 nee
1178 555 1229 608 nlla
1249 556 1385 624 iniquitate
1399 561 1588 631 corrumpitur,
1601 571 1631 617 ut
1652 551 1732 618 rena·

113 645 192 701 leudo
202 646 356 714 intelligere,
368 644 436 698 mala
446 650 598 714 congregat,
610 643 651 698 rol
662 641 740 698 etlam
755 642 896 698 instructus
948 651 1055 698 scantur
1065 644 1096 699 ad
1111 645 1290 704 hereditatem
1301 651 1447 716 coelestem,
1461 668 1512 707 non
1522 654 1636 710 consulit
1645 657 1731 711 omni·

114 749 146 789 ex
159 735 224 804 lege,
240 734 418 789 additamento
432 731 653 802 prevaricationis
665 731 896 801 exaggerantium·
948 729 998 786 bus
1017 734 1131 801 parvulis
1147 734 1260 791 liliorum
1280 754 1398 804 suorum,
1419 748 1446 796 ct
1464 743 1599 798 nonnuliis
1616 745 1731 802 consulit

113 839 191 894 quarn
205 824 333 878 liberatur
344 832 372 878 et
382 823 551 892 iustihcatur,
566 823 616 878 uisi
632 815 715 893 gratia
732 821 777 877 liei
794 837 842 891 pcr
853 821 897 878 Je-
948 821 1027 875 etiam
1041 825 1156 891 parvulis
1169 826 1318 896 impiorum.
1331 829 1384 883 lsto
1395 828 1524 887 iniansde
1536 832 1657 889 hdelibus
1667 849 1731 890 coar.

112 922 171 967 sunt
185 912 319 968 Christum
333 913 472 967 Dominum
489 921 623 978 nestmm;
636 927 688 967 non
706 913 791 967 solum
803 912 897 967 remis·
945 908 1042 980 jugatis
1057 921 1142 976 ortus,
1157 914 1246 970 laetitia
1262 925 1400 985 parentum
1413 928 1562 990 susceptus,
1578 923 1673 978 mattis
1686 924 1740 979 rob·

113 1002 188 1057 sintne
203 1012 369 1074 peecatorum
391 1001 437 1058 sed
457 1003 529 1072 prius
549 1002 631 1073 ipsius
646 1002 816 1074 inspiratione
835 1000 896 1057 tadei
948 1003 1057 1058 nutricis
1071 1005 1246 1062 somnolentia
1260 1006 1402 1064 sudocatns
1421 1010 1449 1064 ht
1461 1010 1574 1066 extorris
1588 1021 1615 1068 ct
1633 1027 1730 1083 expers

113 1102 140 1147 et
154 1093 255 1148 timoris
268 1093 325 1161 bot,
347 1092 480 1163 impartito
499 1093 641 1150 salubriter
653 1093 780 1150 orationis
801 1092 895 1150 affectu
947 1092 1008 1148 lldel
1022 1108 1148 1152 suorum:
1164 1096 1207 1151 ille
1220 1095 1306 1154 inians
1317 1097 1352 1153 de
1363 1100 1489 1168 sacrilego
1498 1108 1590 1170 stupro
1599 1103 1728 1167 nascitur,

112 1191 139 1235 et
152 1180 256 1246 edoctu,
276 1182 360 1238 donec
382 1192 458 1239 sanet
473 1197 565 1238 omnes
579 1183 717 1253 languores
736 1191 850 1249 nostms,
869 1193 896 1238 ct
946 1185 1046 1240 emdeli
1062 1187 1157 1242 tintore
1180 1189 1271 1243 matris
1289 1189 1438 1258 exponitur,
1453 1188 1600 1244 alienorum
1621 1191 1728 1247 miseri·

112 1273 223 1328 redimat
235 1274 267 1328 de
281 1276 448 1345 corruptione
461 1275 540 1330 sitam
552 1282 679 1342 nostram,
689 1281 715 1328 et
726 1283 834 1328 coronet
847 1288 895 1328 nos
946 1274 1018 1329 cordi
1032 1275 1127 1344 pietate
1140 1277 1280 1348 colligitur,
1294 1293 1385 1334 eorum
1397 1279 1539 1334 christiana
1551 1279 1728 1337 sollicitudine

113 1364 140 1418 in
153 1364 321 1420 miseratione
334 1374 361 1420 et
374 1365 554 1420 misericordia
568 1361 652 1438 (Psoi.
665 1379 711 1432 cn,
726 1365 753 1428 5,
767 1364 806 1435 ι).
946 1362 1102 1432 baptizatur,
1117 1364 1145 1419 tlt
1165 1366 1256 1420 eterni
1270 1380 1379 1422 consors
1388 1376 1415 1422 et
1429 1367 1559 1437 particeps
1572 1368 1656 1439 regni.
1676 1368 1729 1424 iste

148 1454 261 1512 catut
280 1454 335 1509 vlt.
350 1457 441 1512 -51,
461 1453 560 1511 Verum
585 1453 628 1509 isti
655 1455 698 1524 qui
724 1468 894 1524 personarum
945 1453 1069 1523 cogitent,
1078 1453 1127 1508 ista
1136 1454 1314 1521 considerent,
1325 1455 1367 1512 hic
1376 1457 1677 1514 audeaordieerebeurn
1686 1461 1734 1514 rel:

111 1554 277 1614 acceptorem
293 1545 349 1600 lieri
366 1547 516 1600 existimant
536 1545 628 1612 bourn,
642 1545 663 1598 si
681 1544 708 1598 in
723 1558 773 1598 una
790 1542 896 1599 eadem·
945 1550 1110 1613 acceptorem
1123 1542 1149 1597 in
1166 1557 1212 1599 sua
1226 1545 1310 1615 gratia
1323 1560 1505 1614 personarum,
1518 1546 1560 1602 rel
1573 1562 1729 1602 remunera·

111 1649 163 1705 qne
176 1649 254 1689 causa
266 1648 347 1704 super
361 1634 427 1689 alios
437 1635 525 1689 veniat
535 1632 714 1689 nriserieordia
731 1634 797 1703 ejus,
813 1647 895 1702 snper
945 1638 1030 1686 terent
1041 1631 1244 1700 precedentium
1256 1634 1421 1689 meritorum.

111 1724 177 1778 aiios
195 1738 260 1779 rere
274 1732 378 1779 nraneat
391 1724 428 1778 ira
448 1724 516 1792 ejus,
537 1738 632 1792 nempe
644 1730 713 1778 totas
731 1724 801 1778 vires
817 1737 894 1793 argu·
980 1720 1024 1777 db.
1044 1720 1109 1776 Nam
1120 1723 1169 1777 etsi
1179 1722 1344 1777 conabantur
1355 1723 1554 1793 majerisaetatis
1566 1725 1653 1796 aliqua
1668 1739 1726 1781 me·

111 1815 279 1869 urentatienis
291 1812 412 1868 humanas
427 1814 453 1867 iu
467 1813 583 1884 parvulis
597 1812 719 1885 perdunt.
730 1811 795 1867 Nam
811 1820 839 1867 ut
852 1811 894 1868 ιιι-

111 1903 189 1958 ιιιιιιι
208 1911 307 1957 taceant
320 1902 391 1972 qued
404 1918 456 1957 non
469 1910 509 1957 cst
524 1909 620 1972 praeter
634 1901 767 1972 parrulos,
779 1902 893 1973 quamli-

111 1994 156 2048 bet
177 2001 298 2048 materno
318 2002 394 2049 utero
415 1993 621 2060 recentissimos,
642 2008 673 2049 ea
692 2008 772 2064 prena
791 1993 824 2049 de
843 2009 894 2066 qua

111 2082 222 2152 loquens
242 2082 385 2152 Apostolus
404 2083 452 2149 ait,
466 2081 517 2137 Per
535 2083 609 2137 unias
626 2083 741 2136 deiictrnt
762 2081 788 2136 ht
810 2099 896 2138 omnes

112 2171 223 2225 tronrines
246 2171 280 2223 od
299 2170 548 2236 condemnationen,-
570 2169 640 2225 unde
657 2185 710 2225 non
733 2171 827 2227 liberat
844 2172 895 2227 nisi

110 2274 179 2314 unus
187 2261 240 2325 ille,
256 2260 289 2316 dc
303 2274 356 2331 guo
367 2260 437 2315 idem
448 2262 494 2328 ait,
510 2258 563 2316 Per
574 2261 859 2333 nnirsjsstificott'onem
868 2263 895 2317 in

110 2363 195 2403 enarres
209 2349 574 2423 ltottdnesodp'nrtt'ficatr'ortem
584 2349 735 2424 sitoe(!iotrr.
749 2366 777 2419 v,
788 2352 831 2423 ts)
848 2362 896 2408 :ut

109 2438 238 2508 ergohoc
255 2439 360 2494 interim
377 2439 507 2507 omittam,
523 2447 550 2494 et
566 2438 618 2494 hoc
631 2440 717 2495 solnm
730 2438 764 2496 de
781 2441 895 2511 parvulis

109 2528 206 2593 dicam,
218 2528 288 2599 quod
297 2529 346 2598 ipsi
356 2543 461 2599 quoque
470 2529 627 2585 auctoritate
639 2529 787 2601 evangeliea
799 2515 897 2598 territi,

109 2619 152 2673 rel
171 2618 260 2689 potius
281 2618 484 2674 christianornm
508 2619 664 2688 populorum
690 2620 895 2676 concordissima

109 2708 187 2764 ildei¹
201 2709 398 2778 conspiratione
418 2708 552 2779 pertracti,
575 2709 633 2765 sinc
655 2710 706 2765 ulla
728 2711 895 2766 recusatione

108 2799 265 2867 erineedunt,
278 2799 814 2871 quodnullosparrulos,nisirenatnse1
826 2815 894 2872 antra

108 2899 135 2943 et
148 2886 260 2959 Spiritu,
273 2890 353 2944 intrat
372 2890 399 2945 itt
412 2903 522 2960 regnum
540 2888 667 2945 celerum
682 2887 771 2961 (loon.
787 2905 826 2956 tn,
842 2891 892 2962 5);

106 2995 187 3049 quam
204 2994 295 3050 queso
307 2978 411 3034 allaturi
424 2986 487 3035 sunt
499 2993 617 3048 causam,
633 2979 703 3050 quod
715 2980 782 3036 alius
794 2980 833 3036 sic
843 2995 895 3051 gu-

108 3070 233 3127 bernatur
243 3079 272 3126 ut
283 3070 598 3141 baptisatusbinccreat,
609 3072 676 3127 alius
686 3072 828 3128 infidelium
838 3088 896 3128 ma·

107 3162 186 3217 nibus
199 3160 319 3228 traditus,
334 3162 378 3217 rel
396 3162 477 3218 etiarn
492 3161 608 3218 bdelium
628 3162 780 3233 priusquam
799 3162 834 3217 ab
855 3163 895 3218 cis

108 3248 425 3321 baptizandusolieratur,
436 3250 570 3319 exspirati
582 3252 622 3304 ltu
635 3249 687 3307 hec
699 3250 762 3316 lato,
778 3251 823 3306 rcl
838 3249 894 3306 lor·

109 3348 179 3395 turrae
189 3339 275 3394 daturi
294 3340 374 3394 sunti
390 3337 447 3393 Non
460 3337 554 3408 optaor
564 3352 611 3394 eos
625 3339 652 3393 ln
668 3346 767 3393 tantem
784 3339 895 3395 demon·

110 3428 172 3482 tiam
186 3436 368 3498 prorupturos,
378 3426 647 3497 quantulumcumque
661 3442 757 3482 ttamen
773 3427 895 3484 christia·

109 3534 172 3573 urina
185 3527 277 3576 tenere
290 3518 437 3590 cupientes.
831 3532 833 3537 ’

143 3610 187 3665 32.
207 3608 261 3666 Cur
272 3624 336 3680 crgo
354 3610 380 3663 in
393 3625 503 3681 regnum
515 3609 652 3673 coelornm.
665 3626 719 3665 non
731 3617 840 3679 accepto
852 3626 895 3667 re·

108 3702 286 3774 generationis
297 3702 411 3767 lavacro,
430 3702 553 3771 parrulos
568 3700 655 3755 nullus
668 3701 794 3756 intrabit?
815 3716 893 3756 nurn-

107 3792 233 3862 qnidnam
250 3790 306 3862 ipse
324 3790 373 3846 sibi
387 3798 508 3860 parentes
526 3787 647 3845 iutidcles
660 3789 703 3845 sel
720 3789 892 3861 negligentes,

108 3885 142 3938 de
157 3882 253 3953 quibus
262 3892 425 3946 nasceretur,
437 3878 536 3950 elegit?
548 3877 616 3947 Quid
628 3877 713 3934 dicam
728 3878 761 3934 de
773 3879 894 3949 inopina-

108 3975 152 4040 tis,
171 3983 198 4029 ιι
218 3971 363 4042 repentinis
384 3967 617 4026 innumerabilibus
639 3968 777 4035 mortibus,
799 3967 894 4038 quibus

108 4078 179 4135 saepe
189 4065 270 4121 etiam
286 4063 468 4133 religiosorum
481 4058 684 4115 christianorum
698 4061 894 4130 praeveniuntur

109 4167 137 4212 et
151 4157 286 4227 baptismo
306 4151 630 4226 praripiunturiniantes;
649 4166 709 4207 cnm
726 4152 892 4208 econtrario

107 4246 295 4316 sacrilegorum
315 4253 343 4300 et
360 4243 526 4297 inimicorum
544 4240 641 4295 Christi
655 4241 745 4310 aliquo
768 4241 846 4296 rnodo
865 4242 891 4296 in

107 4333 310 4389 christianorum
324 4343 418 4385 manus
430 4329 575 4393 venientes,
590 4343 623 4383 ex
638 4327 752 4383 haesita
766 4343 819 4384 non
834 4330 891 4386 sine

107 4421 278 4477 Sacramenta
288 4418 493 4488 regenerationis
503 4414 654 4486 emigrent?
667 4417 729 4486 quid
741 4416 784 4471 hie
796 4417 891 4473 dicturi

108 4518 179 4577 snnt,
193 4509 248 4580 qni,
269 4516 298 4563 ut
317 4508 399 4579 gratia
414 4505 471 4559 dari
487 4505 580 4575 possit,
599 4506 725 4560 nonnulla
741 4507 891 4576 praecedere

107 4601 201 4657 merita
215 4600 327 4655 bumana
340 4596 513 4659 contendunt,
532 4609 567 4650 ne
577 4596 611 4649 sit
628 4605 799 4664 personarum
815 4611 892 4654 ιιιιοι·

107 4701 166 4763 ptor
178 4690 267 4748 beust
280 4704 338 4760 qun
351 4686 455 4742 nudem
475 4685 519 4740 bic
533 4684 626 4739 menta
637 4687 845 4752 praecesserunt?
862 4686 890 4743 Si

106 4780 259 4838 eorumdem
268 4775 423 4849 cogitaveris
431 4774 610 4845 paruulorum,
622 4773 692 4829 nulla
702 4783 763 4829 sunt
774 4778 887 4846 propria,

107 4873 225 4942 utrisque
245 4877 287 4924 cst
301 4869 344 4924 llla
366 4881 453 4923 massa
468 4864 618 4921 eommunis
630 4883 638 4920 :
652 4866 675 4921 si
693 4876 831 4938 parentum
847 4877 888 4923 at-

107 4962 233 5028 tenderis,
248 4958 316 5015 bona
328 4956 444 5013 sentilla
457 4970 569 5026 quonam
582 4954 627 5009 lliii
640 4957 784 5026 repentinis
799 4958 888 5013 morti·

107 5055 155 5110 bus
169 5055 226 5110 sine
239 5050 336 5108 Christi
348 5049 505 5120 baptismate
522 5046 671 5117 perierunt;
685 5047 754 5102 mala
769 5063 832 5104 sero
845 5049 888 5104 iila

106 5160 217 5215 quorum
227 5141 273 5198 lllii
285 5156 332 5212 per
343 5139 553 5195 Christianorum
564 5137 678 5208 aliquam
688 5145 845 5208 potestaten
855 5141 889 5196 ad

105 5233 274 5287 Sacramenta
288 5229 415 5286 Ecclesiae
430 5234 616 5297 pervenerunt.
631 5226 664 5282 Et
682 5229 789 5284 tamen'
802 5231 889 5302 proui-

105 5324 194 5378 dentia
209 5320 264 5386 bei,
279 5321 321 5377 cui
334 5321 417 5376 nostri
429 5317 517 5388 capilli
532 5318 660 5373 numerati
678 5328 750 5386 sunt,
765 5324 823 5376 siue
841 5337 888 5378 cn-

104 5415 147 5484 jns
164 5413 297 5468 voluntate
314 5425 367 5466 non
386 5409 456 5465 cadit
474 5423 567 5479 passer
587 5408 613 5461 in
632 5417 729 5463 terram
740 5408 842 5483 illottlr.
859 5428 885 5479 ι,

137 5526 145 5556 ¹
163 5529 188 5573 tn
199 5521 297 5573 excusis
303 5520 389 5572 deerat
398 5520 557 5585 denegatio,
568 5531 640 5585 quam
656 5521 805 5575 restituimus
820 5525 888 5587 quia

104 5597 154 5649 que
163 5590 219 5634 18.
228 5583 378 5633 summare

136 5647 146 5678 ι
162 5645 290 5694 siceranes
299 5641 365 5702 odd..
374 5650 478 5707 excepto
488 5651 541 5695 tor..
553 5643 596 5707 qui
605 5643 688 5704 liant,
696 5641 757 5708 deri.

137 5707 148 5739 ι
162 5711 188 5755 ta
198 5703 295 5767 sdd.‚ct
305 5710 443 5756 cortmren.

945 1809 995 1864 rita
1014 1809 1142 1884 suspicari
1154 1825 1201 1866 seu
1214 1811 1283 1866 bona
1297 1826 1343 1867 seu
1358 1812 1436 1879 mala,
1451 1814 1513 1883 quid
1526 1813 1560 1869 de
1573 1814 1630 1869 istis
1644 1813 1727 1870 irrian·

944 1899 1014 1955 tibus
1028 1899 1125 1966 dicent,
1140 1915 1252 1970 numum
1265 1916 1314 1957 uec
1326 1903 1375 1957 iste
1386 1902 1435 1957 sibi
1448 1903 1508 1959 ullis
1523 1904 1635 1973 propriis
1647 1905 1728 1959 uteri·

945 1988 980 2043 tls
992 1988 1068 2045 malis
1080 1989 1165 2059 potuit
1180 1990 1315 2059 aeqnirerc
1327 1991 1478 2045 violentiam
1495 1991 1657 2058 sottoeaons,
1676 2008 1726 2047 nee

945 2077 1022 2133 bonis
1035 2078 1079 2135 ille
1091 2078 1252 2151 diligentiam
1268 2079 1444 2151 baptizantis?
1457 2081 1550 2137 Nimiae
1563 2082 1685 2136 vanitatis
1699 2092 1727 2137 et

945 2171 1070 2226 cecitatis
1089 2180 1160 2238 sunt,
1175 2172 1198 2227 si
1217 2173 1296 2228 etiam
1310 2173 1351 2227 bis
1368 2172 1540 2228 consideratis
1557 2171 1674 2226 nondum
1687 2172 1727 2226 di·

944 2268 1059 2329 gnantur
1077 2261 1226 2317 exclamare
1245 2259 1438 2317 nobiscum:0
1459 2259 1565 2315 oititnde
1584 2261 1728 2313 diuitiarum

945 2351 1073 2420 ιιιριιιιιιιι
1082 2362 1105 2406 ιι
1116 2353 1225 2406 scientior
1238 2351 1302 2408 Dct‘!
1317 2354 1398 2418 Quom
1409 2353 1579 2406 incarnabilis
1592 2352 1728 2423 austindi·

945 2440 985 2493 cio
996 2441 1059 2512 ejus,
1075 2441 1289 2512 sinuestigobiier
1302 2442 1347 2496 tie
1362 2442 1417 2513 ejus
1435 2440 1523 2511 (honr.
1539 2457 1575 2507 ιι,
1592 2441 1653 2512 dili
1668 2441 1729 2497 Noa

945 2526 1034 2597 imque
1052 2529 1239 2584 misericordiae
1255 2531 1376 2600 gratuite
1393 2531 1438 2585 bei
1452 2531 1661 2600 pertinacissima
1679 2531 1728 2586 ad·

946 2624 1084 2673 versentur
1097 2617 1208 2672 insania.
1223 2617 1315 2674 Sinam
1332 2618 1427 2673 Filium
1441 2618 1556 2674 hominis
1570 2619 1596 2673 in
1611 2618 1731 2689 qualibet

945 2709 1733 2780 etatequarereetsatvomtaeerequotporterattlomu.

946 2798 993 2868 llll
1007 2814 1015 2852 a
1029 2812 1078 2852 nee
1095 2797 1129 2853 de
1143 2797 1357 2855 inscrutabilibus
1370 2798 1477 2868 iudiciis
1490 2797 1548 2869 ejus
1561 2798 1675 2854 audeaut
1686 2797 1716 2867 ju

945 2884 1045 2953 dicare,
1061 2901 1109 2941 cur
1127 2888 1153 2941 in
1170 2886 1379 2958 paneademque
1398 2902 1478 2943 causa
1498 2887 1670 2958 superabam
1686 2901 1730 2942 se·

945 2977 1001 3031 uiat
1016 2976 1197 3033 misericordia
1211 2976 1280 3048 ejus,
1300 2993 1381 3049 super
1394 2978 1474 3033 aliurn
1488 2987 1594 3033 maneat
1608 2979 1645 3033 ira
1659 2978 1731 3048 ejus.

980 3066 1092 3124 CAPUT
1107 3067 1172 3124 llll.
1181 3098 1215 3110 -
1224 3069 1269 3124 δι.
1288 3068 1337 3136 Qui
1349 3071 1419 3124 enim
1432 3078 1494 3124 snat
1506 3069 1550 3123 isti
1563 3069 1608 3138 qui
1618 3083 1729 3137 respon-

945 3155 1024 3212 deant
1034 3157 1099 3226 Deo,
1111 3157 1321 3229 quandoquidem
1335 3158 1379 3214 illc
1391 3158 1518 3214 Rebeccae
1529 3157 1635 3212 babenti
1645 3159 1731 3226 genri-

945 3264 994 3304 nos
1008 3264 1041 3305 ex
1051 3265 1103 3305 uno
1112 3250 1251 3305 concubitu
1265 3248 1336 3304 lsaac
1345 3250 1427 3318 patris
1438 3249 1531 3312 nostri,
1542 3263 1602 3302 cum
1615 3247 1651 3300 illi
1666 3261 1730 3301 non·

944 3338 1008 3394 dum
1029 3340 1083 3393 nati
1099 3339 1166 3394 nibil
1186 3339 1303 3408 egissent
1315 3338 1377 3392 boui
1392 3337 1433 3392 rel
1450 3336 1522 3404 mali,
1536 3343 1565 3390 ut
1584 3333 1729 3389 secundum

945 3428 1101 3483 electionem
1115 3428 1277 3498 propositum
1291 3429 1348 3496 ejus
1361 3434 1490 3493 maneret,
1505 3426 1661 3480 electionem
1674 3427 1726 3479 sci·

946 3519 1007 3575 licet
1019 3518 1120 3588 gratim,
1131 3534 1183 3572 non
1200 3516 1291 3583 debiti,
1307 3518 1463 3572 electionem
1476 3531 1526 3587 qua
1542 3514 1677 3586 eligendos
1690 3515 1729 3569 la·

945 3607 981 3663 cit
1001 3608 1067 3678 ipse,
1086 3622 1138 3662 non
1159 3607 1278 3673 intenit3
1297 3621 1349 3661 non
1363 3622 1396 3663 ex
1415 3605 1550 3676 operibus,
1566 3604 1613 3660 sed
1633 3620 1665 3660 er
1682 3620 1729 3658 so-

945 3703 1023 3751 cante
1047 3695 1121 3761 dicit,
1143 3696 1240 3750 minori
1260 3696 1419 3751 serviturum
1446 3709 1505 3750 esse
1529 3693 1675 3763 majorem?
1699 3692 1727 3747 ln

944 3800 1023 3857 qttam
1035 3785 1191 3840 seutentiam
1202 3784 1294 3839 beaten
1304 3783 1446 3853 Apostolus
1458 3782 1538 3838 etiam
1549 3780 1728 3837 testimonium

945 3876 1080 3946 prophete
1101 3874 1178 3945 longe
1195 3872 1349 3944 posterioris
1367 3872 1520 3941 assumpsit,
1538 3869 1618 3925 Jacob
1639 3870 1728 3933 dilexi,

944 3964 1016 4020 Esntt
1027 3973 1108 4020 eutem
1121 3964 1179 4018 odie
1190 3963 1266 4018 hebui
1277 3961 1408 4037 (Moloeis.
1422 3978 1441 4030 t,
1453 3961 1481 4027 2,
1497 3961 1545 4034 5);
1559 3970 1588 4017 ιιι
1598 3962 1728 4031 intellige·

944 4070 1017 4113 retur
1029 4056 1080 4112 boc
1094 4063 1213 4127 apertum
1229 4062 1319 4125 postea
1334 4068 1381 4124 per
1392 4055 1556 4124 prophetam,
1570 4053 1640 4123 quod
1654 4061 1728 4108 antc-

944 4164 1022 4218 quam
1041 4148 1080 4203 illi
1102 4156 1290 4214 nascerentur,
1311 4154 1370 4201 erat
1389 4146 1418 4200 in
1433 4145 1478 4200 bei
1499 4144 1729 4215 predestinatione

943 4239 1123 4312 pergratiam.
1139 4238 1207 4307 Quid
1220 4238 1291 4294 enim
1311 4237 1436 4306 diligebat
1452 4237 1478 4291 in
1493 4235 1575 4291 Jacob
1586 4243 1739 4304 nonquam,

943 4340 1020 4386 natus
1034 4328 1140 4385 lecisset
1153 4326 1253 4399 aliquid
1265 4327 1339 4394 boni,
1354 4325 1404 4382 nisi
1416 4326 1557 4397 gratuitum
1575 4325 1741 4380 ιιιιιιιιιιοι-Δ

942 4421 993 4476 diac
1005 4436 1061 4478 suae
1083 4420 1200 4475 donnini
1213 4428 1240 4475 ιι
1259 4419 1321 4490 quid
1340 4419 1433 4474 oderat
1455 4419 1480 4473 in
1501 4418 1572 4473 Esau
1586 4426 1728 4488 aanuarn

943 4521 1020 4568 natus
1032 4511 1139 4568 iecisset
1151 4511 1249 4582 aliquid
1264 4511 1341 4578 mali,
1358 4511 1407 4566 uisi
1428 4510 1557 4582 originale
1572 4509 1729 4580 peccatum?

942 4601 1107 4672 [iamneque
1125 4601 1152 4655 in
1165 4600 1212 4656 illo
1227 4599 1350 4670 diligeret
1369 4600 1513 4670 justitiam,
1533 4614 1612 4669 qnam
1627 4599 1728 4655 unllam
1744 4652 1750 4665 ,,

942 4693 987 4748 ille
999 4692 1111 4758 iecerat3
1125 4705 1210 4763 neque
1222 4691 1249 4745 in
1264 4690 1315 4746 isto
1326 4689 1427 4746 odisset
1438 4683 1571 4754 nat'ttram,
1585 4704 1665 4759 quam
1678 4689 1712 4744 be

942 4803 1002 4842 nam
1015 4788 1072 4857 ipse
1085 4786 1192 4842 iecerat.

976 4878 1021 4933 35.
1036 4876 1129 4933 illrum
1142 4882 1184 4932 est
1194 4883 1283 4930 autem
1293 4889 1353 4930 cum
1365 4873 1406 4930 his
1415 4874 1728 4944 coarctanturangustiis,

942 4969 968 5023 in
982 4975 1079 5039 ooaota
1091 4981 1122 5022 se
1133 4967 1243 5037 abrupta
1258 4965 1422 5037 precipitem
1439 4974 1591 5021 metuentes
1599 4967 1665 5021 retis
1683 4980 1729 5021 re·

941 5058 1037 5114 nitatis.
1051 5056 1283 5127 ideo„inquiunt·,
1305 5056 1416 5110 nondum
1431 5064 1546 5111 ratmunt
1565 5058 1644 5111 olium
1665 5058 1729 5113 ode·

941 5159 991 5216 rot,
1001 5146 1282 5217 oliumdiligsiot,-gttio
1292 5161 1378 5201 serunt
1387 5146 1472 5216 futuro
1481 5161 1557 5218 opero
1567 5146 1729 5218 presidebat.

941 5239 1008 5310 Quis
1029 5238 1114 5294 istum
1129 5236 1310 5292 acutissimum
1333 5250 1440 5291 sensum
1464 5235 1581 5291 doluisse
1600 5236 1745 5306 Apostola

941 5346 994 5387 non
1013 5328 1142 5385 miraturi
1155 5327 1211 5383 lloc
1222 5328 1319 5399 qnippe
1332 5324 1376 5381 itte
1395 5341 1447 5381 non
1459 5325 1542 5393 uidit,
1556 5323 1661 5396 quande
1677 5324 1729 5380 sibi

941 5423 1013 5477 uelut
1033 5418 1201 5476 adversantis
1219 5419 1322 5486 oblecta
1342 5417 1505 5488 questione,
1527 5431 1579 5472 noo
1601 5417 1627 5472 id
1642 5416 1729 5487 petius

941 5521 994 5569 ιιιιι
1008 5510 1164 5576 treveron
1177 5514 1308 5577 apertum,
1317 5515 1369 5560 ιιιιι
1380 5504 1460 5576 (sicut
1469 5505 1512 5561 isti
1524 5504 1629 5578 putarat)
1638 5520 1728 5561 vertum

941 5603 1142 5672 absolutumque
1155 5597 1300 5668 respondit.
1320 5596 1387 5653 Cum
1399 5597 1471 5653 enim
1491 5597 1727 5668 remastupeudarn

940 5693 1136 5770 proposuisset,
1151 5689 1285 5763 quomodo
1304 5689 1339 5746 ds
1350 5687 1467 5762 nundum
1484 5691 1553 5749 natis
1566 5704 1617 5757 nec
1630 5689 1732 5762 aliquid
