3906 6390
225 298 273 354 tlt

224 412 311 469 centia
325 409 419 481 quippe
433 408 481 463 ista
495 408 659 481 attinguntur
669 408 689 472 ¹,
704 408 870 481 displicentia
882 411 1013 479 repellun-

225 515 277 560 tur.
293 504 405 572 ideoque
425 501 462 557 illi
482 503 582 571 optimo
597 503 738 573 episcopo,
753 515 801 557 nec
815 516 942 567 censura,
961 517 1013 573 qua

225 603 331 665 peccota
346 601 499 661 coerceret,
515 608 565 648 nec
585 592 688 648 cautela
708 592 810 658 deluit,
831 610 882 663 qua
906 594 1013 648 unitatis

223 685 356 742 vinculum
372 685 525 740 custodiret.
539 684 648 754 Legitur
661 685 719 755 eius
733 686 759 740 in
773 685 887 757 quadarn
902 686 1012 757 epistola

223 790 301 846 quam
316 776 421 846 scripsit
439 775 471 830 ad
490 776 673 847 presbyterum
693 775 852 842 llaxlmum,
873 776 907 830 dc
921 775 969 831 lrac
983 791 1013 831 re

223 866 293 922 clara
308 874 335 920 et
346 873 436 935 aperta
449 865 590 930 sententia,
608 880 659 937 qua
672 865 781 920 omuino
795 864 937 936 praecepit,
952 879 1012 935 pro-

223 944 354 1026 pbetieam
370 957 487 1027 regulam
507 964 617 1022 tenens,
640 957 713 1012 nullo
732 957 810 1012 modo
824 958 950 1014 Ecclesiae
963 957 1012 1012 de-

223 1047 276 1105 seri
297 1047 395 1103 dclteec
418 1047 558 1114 unitatem,
583 1055 690 1117 propter
710 1048 839 1103 malorum
859 1048 1012 1119 permixtio-

223 1152 295 1193 nem.
304 1135 373 1190 Num
383 1136 429 1191 etsi
439 1137 563 1200 uidentur,
576 1137 671 1207 irtquit,
681 1138 707 1192 ia
718 1137 833 1192 Ecclesia
841 1140 1010 1209 embriconis,

223 1215 273 1282 non
288 1236 371 1282 taurea
391 1228 509 1298 impediri
522 1227 592 1281 rit-bet
605 1229 667 1297 ιιιιεε
681 1238 726 1283 εει
742 1229 853 1286 claritas
866 1241 968 1298 nostra,
984 1240 1012 1286 ut

222 1318 340 1388 pilonium
353 1334 405 1374 csse
418 1318 517 1372 azotiis
531 1318 556 1372 itt
570 1317 684 1373 Ecclesia
697 1319 839 1385 ceraintus,
855 1335 900 1374 aas
915 1320 948 1374 dc
961 1320 1012 1373 Ec·

222 1408 298 1464 sicsic
312 1408 467 1463 recedamus.
488 1408 672 1463 Tantummodo
690 1409 760 1464 nobis
775 1409 939 1464 laborandum
958 1420 1009 1477 cst,

222 1508 250 1553 ut
263 1499 417 1569 [rumentum
430 1515 483 1554 esse
498 1500 620 1569 possimus
635 1499 730 1570 (Epist.
747 1497 803 1572 tlt).

258 1589 302 1650 ll.
320 1588 398 1644 lstant
419 1589 555 1646 cltaritatis
570 1591 652 1661 legem
675 1607 707 1646 ex
726 1606 773 1648 ore
791 1591 888 1647 Christi
906 1592 1009 1648 llomini

222 1673 429 1750 promulgatam
445 1682 528 1751 ipsius
541 1681 611 1737 enirn
624 1692 685 1739 sant
698 1684 755 1738 istae
768 1684 964 1752 similitudines,
984 1695 1011 1741 ct

223 1768 377 1832 decimalis
399 1787 480 1840 usquc
500 1770 532 1825 ad
550 1778 654 1842 tempus
672 1774 768 1829 messis
789 1774 816 1829 in
836 1775 937 1830 unitate
954 1776 1009 1843 agri

222 1842 271 1930 per
280 1861 410 1916 'ntundunt
426 1861 531 1930 (dlattt‘t.
546 1878 607 1927 xttt,
621 1862 734 1935 atta),
748 1872 775 1918 ct
788 1863 821 1918 de
841 1863 918 1919 molis
932 1857 1019 1933 pisci?

221 1951 272 2008 bus
292 1952 421 2022 usquead
437 1961 541 2022 tenipus
554 1954 650 2008 littoris
669 1954 737 2008 intra
752 1953 844 2008 eadem
865 1954 931 2008 retia
945 1953 1019 2009 tole--

219 2040 309 2096 randis
324 2040 403 2112 gitta.
415 2043 466 2096 tt·
478 2043 540 2114 50);
563 2042 631 2098 itanc
644 2058 707 2113 ergo
727 2042 864 2098 eharitatis
883 2045 966 2114 legent
987 2045 1009 2100 si

220 2132 336 2204 tttajores
350 2134 431 2188 uestri
452 2143 540 2188 ntcrttc
559 2135 717 2200 retittcrent,
732 2134 753 2188 si
767 2149 826 2188 cunt
847 2134 892 2187 [lei
915 2135 1010 2189 tintorc

218 2223 383 2294 cogitarent,
404 2238 457 2277 non
478 2232 585 2293 propter
597 2224 783 2291 Caecilianum,
800 2232 827 2279 ct
840 2225 929 2279 nescio
944 2239 1010 2295 quos

218 2314 309 2384 diros,
323 2315 391 2380 site,
407 2323 435 2370 ut
449 2317 555 2387 putatis,
569 2332 661 2373 revera
676 2317 841 2383 criminosos
858 2319 923 2384 site,
939 2318 1009 2388 quod

219 2396 304 2476 nt'agis
317 2406 477 2462 credendum
495 2417 548 2475 cst,
562 2408 701 2464 calumniis
714 2410 855 2477 appetitos,
869 2425 899 2465 se
912 2410 945 2464 alt
961 2411 1009 2465 lic·

218 2493 316 2558 closis,
336 2509 415 2564 quam
434 2496 574 2566 descripsit
593 2498 649 2566 ipsc
669 2497 826 2570 Cypriattus,
848 2515 896 2568 per
916 2515 1009 2556 omttcs

219 2595 314 2655 gentes
333 2587 420 2641 radios
445 2601 508 2642 snos
532 2589 694 2659 porrigente,
717 2599 745 2645 et
767 2605 855 2645 ramos
878 2607 940 2646 suos
961 2606 1009 2660 per

218 2678 326 2739 omnem
340 2687 438 2734 terram
452 2680 526 2749 cottia
542 2680 668 2736 tibertutis
683 2682 857 2746 extendente,
880 2699 949 2746 tutti,
966 2681 1007 2735 in·

218 2782 308 2836 uttam,
324 2783 380 2822 sca
397 2777 433 2822 tot
446 2770 568 2838 gentibus
579 2770 746 2837 christianis,
762 2787 821 2840 quie
839 2773 948 2826 amitino
963 2787 1009 2826 ne·

218 2856 334 2913 scierunt
347 2858 403 2928 qui,
418 2858 459 2912 tel
472 2859 545 2927 qnid,
560 2859 601 2914 vel
615 2858 710 2929 quilius
723 2860 892 2929 objiciebant,
908 2860 1007 2915 nelarie

218 2940 386 3019 separatione
399 2948 592 3016 discinderent;
606 2950 676 3020 quod
697 2966 749 3006 uon
773 2951 817 3016 lit,
834 2952 883 3006 uisi
907 2960 953 3007 aut
971 2952 1007 3006 si·

218 3039 329 3096 tuttltate
342 3042 443 3112 privam
464 3043 643 3114 potiusquam
663 3043 774 3099 utilitate
789 3045 939 3110 communi,
961 3054 1007 3099 aut

218 3131 264 3188 illo
276 3132 341 3186 uitio
357 3132 428 3204 qnod
448 3143 642 3203 consequenter
660 3133 807 3206 Cyprianus
828 3135 885 3206 ipse
904 3149 1007 3190 connu-

217 3218 312 3292 merat,
327 3227 514 3298 ritatrdnntpnc
531 3239 731 3283 commemorat.
749 3228 815 3283 Nam
830 3244 890 3283 cunr
905 3244 1005 3298 pracce-

154 3356 161 3370 .
216 3317 300 3394 pisset
311 3330 417 3390 propter
429 3320 528 3375 zizania
541 3321 638 3391 quaein
653 3320 769 3377 Ecclesia
783 3329 936 3386 cernuntur,
952 3336 1005 3376 non

215 3425 276 3466 csso
297 3411 441 3466 Ecclesiam
460 3411 652 3477 deserendam,
676 3412 795 3482 seqttitur
815 3421 843 3468 et
864 3411 1005 3484 adjungit:

216 3498 298 3556 Nobis
318 3501 489 3557 taratantmorio
504 3501 669 3556 laborantium
687 3510 723 3556 εει
742 3511 769 3555 ut
786 3502 939 3572 [contentam
953 3517 1006 3557 esse

216 3575 350 3662 possimus,
362 3600 389 3644 ει
405 3608 462 3645 cunt
479 3591 579 3662 coepcrit
593 3595 747 3663 [cernentum
760 3590 891 3647 clorttittieis
909 3591 1005 3646 ltorreis

216 3681 304 3743 condi,
326 3679 434 3749 {ructum
454 3697 499 3750 pro
521 3690 636 3750 operest
658 3679 742 3735 labore
757 3689 842 3735 nostro
863 3682 1003 3751 capiamus.

216 3769 351 3841 Apostolus
364 3770 391 3823 t'a
408 3769 524 3840 Epistula
536 3787 582 3825 sau
595 3770 671 3837 dicit,
689 3789 699 3824 t
717 3769 749 3825 ln
763 3771 837 3825 doato
853 3782 935 3826 autem
947 3790 1004 3827 trra·

215 3881 266 3937 guo
278 3881 328 3918 noa
337 3865 418 3918 soluat
430 3873 487 3919 attat
501 3880 559 3918 oasa
571 3881 647 3918 astrea
660 3873 682 3918 et
692 3874 819 3935 argentea,
831 3865 875 3918 scd
886 3873 910 3918 et
922 3864 1004 3935 lignea

216 3950 240 4009 ιι
252 3954 359 4022 fictilio,·
373 3963 396 4007 et
410 3953 525 4022 quadam
540 3955 639 4024 attidem
652 3954 783 4015 ltonorata.
802 3955 916 4025 qttoedam
928 3956 1001 4009 ittlto-

216 4051 304 4097 ttoroto
316 4061 326 4095 t
339 4042 373 4115 (ll
385 4043 450 4097 Tim.
463 4059 488 4107 tt,
499 4042 545 4115 ao)
562 4062 568 4097 :
583 4060 628 4098 nos
637 4060 738 4114 operam
746 4044 842 4105 tiernus.
853 4054 1003 4115 etquantant

215 4138 347 4205 possttn'ms
360 4135 500 4190 laboremus
510 4145 536 4188 ut
546 4151 589 4189 uus
601 4151 704 4188 aureum
714 4137 752 4189 uel
761 4145 904 4207 arperttcum
913 4137 1000 4192 sitttus.

215 4222 337 4281 Caeterum
350 4227 438 4296 fictilia
457 4241 516 4279 oasa
529 4226 686 4296 confringere
706 4223 818 4281 Dotttitto
835 4227 884 4281 soil
903 4244 1003 4281 conces-

214 4310 293 4370 sum¹
308 4327 357 4381 est,
372 4318 414 4370 cui
430 4329 453 4371 et
467 4319 537 4387 uirga
550 4318 631 4386 [orrea
644 4316 704 4370 elato
716 4328 761 4370 cst.
783 4315 848 4374 Εεεε
860 4335 910 4374 non
924 4330 1002 4389 potest

215 4405 297 4477 ritaio'r
309 4404 411 4458 dotttino
425 4422 470 4459 suo
483 4421 585 4470 serotts;
601 4422 645 4459 nec
658 4407 790 4476 qttiequam
805 4408 862 4475 sibi,
876 4409 944 4480 quoti
955 4410 1003 4463 soli

215 4491 283 4548 Filio
298 4493 375 4547 Pater
386 4494 481 4560 tribuit,
497 4495 637 4562 viridicarlt,
650 4505 677 4549 ut
690 4512 717 4550 εε
728 4507 808 4566 patet,
822 4507 865 4552 aut
874 4499 908 4552 ati
917 4496 1002 4555 areant

213 4577 382 4638 cottilartdam
396 4592 418 4638 et
432 4585 604 4655 purgandum,
621 4585 705 4655 palam
715 4584 726 4617 ⁸
738 4595 761 4640 ει
774 4588 936 4643 ventilabrum
944 4591 1002 4661 jam

212 4672 279 4743 faie
296 4690 378 4742 posse,
401 4685 444 4728 aut
464 4691 479 4727 o
498 4676 624 4746 [statuente
637 4676 753 4731 uniuersa
772 4677 871 4733 azanio
891 4679 1000 4737 dirotano

207 4760 306 4834 judicio
317 4780 444 4835 separare.
461 4764 576 4837 Superba
590 4775 626 4821 cst
639 4759 688 4821 isto
702 4769 874 4839 presumptio,
889 4780 912 4824 et
923 4775 1002 4827 sacri·

212 4854 267 4928 lcgo
279 4856 420 4921 obstinatio,
435 4872 511 4927 quant
523 4856 569 4911 sibi
582 4858 653 4928 {uror
665 4874 758 4928 prauus
770 4861 885 4926 assonat,
899 4871 922 4915 ει
940 4862 1000 4918 dum

211 4944 259 5001 sibi
271 4962 369 5016 semper
380 4947 490 5019 amplias
502 4948 598 5018 oliptrid
612 4947 650 5020 (a)
665 4967 741 5021 quom
759 4950 827 5006 mitis
836 4952 937 5021 justitia
953 4952 1000 5007 de·

210 5039 303 5110 'poscit
318 5049 458 5107 assumunt,
475 5039 506 5095 tie
519 5038 633 5097 Ecclesia
646 5052 767 5116 pereunt,·
783 5054 807 5101 et
819 5044 881 5099 dunt
892 5060 920 5100 se
929 5045 1000 5100 iaso·

845 292 874 349 S.
893 285 1075 349 tdcdstttt'l
1094 289 1243 348 tsttlsoolt

1806 298 1866 360 lli

1068 405 1146 459 tentet·
1159 405 1290 471 ceretium,
1306 405 1361 477 ipso
1372 423 1416 463 sao
1427 415 1523 466 tumore
1535 413 1639 482 caesa,
1654 403 1764 472 saltatis
1776 417 1863 473 iumen

1067 495 1194 548 amittunt.

1103 586 1145 641 li.
1164 585 1233 653 Quid
1253 585 1303 643 hac
1325 588 1451 660 Cypriani
1470 595 1638 652 attestatione
1656 597 1772 665 clarium
1795 602 1861 672 quid

1066 676 1207 730 veracius?
1223 676 1303 733 llides
1316 688 1414 748 quanta
1427 683 1579 753 evangelica
1598 696 1624 742 et
1639 690 1785 756 apostolico
1800 692 1864 747 lues

1066 765 1236 837 pmiulgeat3
1247 769 1322 824 vides
1335 785 1392 834 eos,
1408 773 1452 841 qui
1466 774 1539 829 ttelut
1552 775 1645 832 offensi
1657 793 1706 848 pro
1718 794 1766 834 sna
1777 782 1862 851 justi·

1066 855 1101 909 tia
1116 855 1297 926 iniquitatibus
1311 859 1415 924 alienis,
1432 862 1557 918 Ecclesia
1571 863 1701 921 deserunt
1717 869 1860 937 unitatem,

1065 945 1137 1016 ipsos
1151 960 1210 1002 csse
1227 948 1315 1017 potius
1327 949 1519 1021 iniquissimos.
1535 953 1616 1010 Vides
1630 955 1694 1011 streis
1707 973 1768 1014 esse
1787 960 1861 1014 ziza·

1067 1039 1128 1106 uia,
1144 1043 1247 1112 eosqui
1263 1043 1404 1100 noluerunt
1415 1046 1442 1100 in
1455 1046 1555 1102 unitate
1569 1050 1625 1119 agri
1639 1049 1742 1105 Domini
1757 1052 1861 1109 zizania

1064 1131 1189 1189 tolerare.
1209 1134 1290 1190 Vides
1308 1135 1371 1191 ioris
1389 1151 1449 1193 esse
1466 1138 1581 1206 paleam.
1597 1154 1645 1196 eos
1656 1141 1701 1211 φή
1716 1144 1861 1200 noluerunt

1064 1220 1090 1275 in
1110 1223 1210 1278 unitate
1228 1224 1322 1279 domus
1335 1240 1436 1296 magnae
1453 1227 1515 1282 talia
1537 1227 1662 1284 tolerare.
1684 1231 1765 1287 llidcs
1777 1249 1859 1303 quant

1063 1311 1193 1366 veracitet·
1205 1313 1333 1383 scriptum
1345 1322 1395 1379 est,
1411 1314 1494 1370 Filius
1508 1316 1590 1372 malus
1603 1319 1697 1387 ipsese
1706 1322 1805 1392 justum
1818 1324 1862 1378 at.

1063 1401 1117 1464 cit,·
1130 1403 1225 1456 exitam
1237 1414 1321 1458 autem
1337 1422 1411 1459 suunt
1428 1423 1477 1461 non
1494 1407 1572 1462 abluit
1586 1406 1685 1480 (Prae.
1703 1427 1784 1477 xxiv,
1804 1430 1858 1469 sec.

1066 1489 1153 1564 lxx)
1168 1509 1175 1550 :
1189 1494 1288 1549 exitum
1304 1496 1405 1551 scilicet
1417 1498 1574 1567 qttoettitdc
1584 1499 1714 1568 Ecclesia,
1730 1519 1783 1558 non
1794 1519 1859 1575 pnr-

1062 1591 1122 1654 gat,
1144 1599 1196 1639 nott
1212 1595 1337 1652 excusat,
1352 1603 1404 1642 nott
1419 1587 1553 1656 deiendit,
1575 1606 1627 1646 uon
1645 1608 1737 1662 purant
1756 1604 1783 1650 ct
1798 1597 1858 1653 sino

1062 1674 1175 1732 crimine
1192 1678 1324 1745 ostendit3
1345 1680 1394 1734 ltoc
1412 1689 1454 1735 cst
1467 1682 1559 1749 enirn,
1582 1700 1631 1737 non
1644 1685 1742 1752 abluit,·
1757 1688 1819 1758 quia
1834 1691 1856 1744 si

1063 1777 1117 1817 non
1129 1765 1245 1835 scipsum
1258 1767 1360 1837 justam
1372 1767 1482 1836 diceret,
1504 1771 1550 1826 sed
1566 1788 1629 1828 tere
1640 1789 1672 1828 ac
1684 1774 1802 1844 legitime
1812 1777 1857 1846 ju-

1062 1866 1120 1913 stus
1138 1865 1226 1922 esset,
1245 1872 1297 1912 non
1313 1859 1397 1913 bonos
1412 1870 1520 1930 propter
1533 1862 1618 1916 malos
1638 1863 1794 1934 impiissime
1807 1867 1856 1921 dc·

1062 1957 1179 2012 sereret,
1193 1949 1240 2004 scd
1253 1951 1337 2004 malos
1349 1961 1457 2020 propter
1470 1952 1555 2008 bonos
1571 1955 1760 2023 patientissime
1773 1959 1855 2016 susti-

1062 2047 1147 2104 neret,
1172 2038 1257 2094 donec
1279 2039 1336 2109 ipsc
1354 2041 1492 2109 Dominus,
1516 2043 1573 2097 sire
1591 2059 1639 2113 per
1661 2058 1707 2113 se,
1730 2047 1787 2102 sire
1807 2064 1855 2118 per

1062 2129 1177 2199 Angelos
1189 2144 1267 2196 suos,
1281 2146 1295 2184 a
1313 2132 1401 2186 tritico
1414 2133 1526 2198 zizania,
1540 2148 1556 2197 a
1568 2133 1709 2192 irttmetttis
1723 2137 1825 2207 galeas,
1839 2155 1855 2193 a

1061 2221 1133 2275 rasis
1147 2222 1337 2277 misericordiae
1357 2238 1420 2278 uasa
1443 2224 1509 2292 irae,
1530 2234 1556 2279 et
1578 2225 1669 2281 lardus
1687 2227 1721 2282 ab
1737 2229 1854 2296 ottiltus,

1062 2313 1148 2383 pisces
1162 2314 1246 2369 malos
1258 2329 1273 2368 a
1286 2315 1366 2370 bonis
1377 2316 1402 2369 io
1417 2318 1468 2371 line
1482 2319 1572 2373 saculi
1586 2329 1732 2389 separaret.

1095 2405 1208 2460 enoda
1223 2405 1265 2458 lv.
1276 2435 1312 2446 -
1325 2401 1368 2462 ta.
1383 2406 1435 2462 Sed
1446 2408 1468 2463 si
1481 2409 1630 2464 testimonia
1641 2411 1684 2464 illa
1700 2410 1854 2482 Scriptura-

1060 2508 1130 2557 rntn,
1141 2510 1200 2562 qtae
1212 2495 1324 2564 majores
1338 2497 1415 2551 rostri
1427 2496 1459 2552 ad
1469 2497 1640 2554 dividendum
1654 2502 1778 2570 populum
1795 2503 1853 2568 liei,

1060 2582 1103 2638 tel
1125 2584 1310 2653 intelligenda,
1330 2585 1373 2640 uel
1393 2586 1550 2656 proierettda
1571 2589 1756 2657 crediderunt,
1776 2593 1854 2647 aliter

1059 2686 1138 2742 qttam
1150 2669 1299 2729 diuinorum
1312 2677 1477 2747 eloquiorum
1488 2693 1583 2733 sensus
1592 2682 1716 2750 postolat,
1728 2684 1853 2752 accipere

1059 2763 1211 2829 cortamini,
1233 2764 1289 2834 jorn
1316 2765 1455 2821 desinite:
1478 2768 1605 2825 attendite
1628 2770 1691 2826 illud
1714 2774 1852 2842 speculum

1059 2852 1129 2921 qttod
1146 2853 1179 2908 ad
1195 2868 1242 2910 ros
1253 2855 1446 2925 aditionendos,
1466 2859 1534 2915 Deus
1552 2861 1852 2930 misericordissimam

1059 2942 1160 3011 sapitis,
1176 2944 1326 3012 provisione
1342 2949 1489 3003 constitnit.
1502 2949 1614 3006 Causam
1634 2952 1695 3008 dico
1707 2951 1851 3019 Feliciaui,

1059 3029 1134 3085 Fidei
1146 3035 1283 3100 oetttulant,
1299 3037 1410 3092 uenturis
1422 3038 1581 3105 odubenrm,
1602 3039 1724 3097 Ecclesia
1741 3046 1851 3113 matris,

1058 3120 1128 3176 sicul
1141 3122 1168 3176 in
1184 3122 1323 3193 vagaiensi
1341 3128 1453 3182 concilio
1472 3129 1664 3185 conclamatum
1678 3143 1739 3200 est,
1759 3134 1852 3188 initui-

1058 3225 1137 3278 oum,
1155 3214 1255 3268 llatltan
1269 3257 1277 3281 ,
1289 3214 1377 3280 Coro,
1398 3227 1426 3274 ει
1444 3219 1545 3276 Αιιὶεοη
1564 3221 1730 3290 ministrum;
1746 3225 1780 3280 de
1798 3242 1851 3296 qtro

1057 3303 1169 3370 amplius
1185 3304 1343 3360 addiderunt
1363 3307 1433 3378 quod
1454 3325 1514 3365 eum
1535 3320 1625 3381 aperta
1645 3321 1714 3368 terra
1733 3330 1785 3369 non
1801 3317 1851 3370 alt·

1057 3389 1170 3458 sorbuit,
1182 3393 1228 3448 sed
1239 3394 1271 3448 ad
1285 3396 1370 3465 majus
1379 3397 1536 3467 supplicium
1548 3402 1652 3470 superis
1663 3403 1671 3435 ¹
1686 3418 1849 3460 reservasse.

1056 3480 1156 3552 Raptus
1168 3484 1242 3547 eninr,
1258 3484 1383 3556 inquiunt,
1398 3503 1499 3557 patiam
1516 3506 1587 3544 suom
1599 3493 1748 3560 cotapeadio
1764 3494 1849 3549 lucra·

1055 3581 1123 3626 ocem
1137 3575 1251 3645 latuerim
1265 3593 1356 3632 usuros
1370 3594 1437 3632 nunc
1448 3581 1574 3650 grauiores
1595 3583 1690 3653 colligit
1708 3586 1805 3655 [utteris
1817 3588 1848 3650 ',

1056 3677 1112 3715 cum
1126 3665 1232 3719 utortuis
1246 3666 1347 3722 interest
1361 3668 1438 3722 uiuus.
1454 3669 1550 3737 Quart
1569 3673 1640 3727 euim
1659 3682 1745 3729 utrttm
1769 3677 1849 3733 istum

1056 3757 1118 3807 tunc
1139 3754 1304 3813 immundum
1318 3768 1451 3813 mortuum
1470 3761 1610 3831 tetigerunt
1624 3764 1660 3818 illi
1675 3765 1720 3834 qui
1736 3781 1797 3820 eum
1815 3783 1849 3822 eo

1054 3843 1255 3914 conspirantes,
1270 3847 1396 3903 Primiani
1410 3849 1587 3906 innocentiam
1601 3852 1804 3910 damnauerunt.
1819 3857 1849 3915 Si

1054 3930 1125 3985 euim
1136 3934 1287 4003 tetigerunt,
1300 3937 1389 4007 utique
1399 3939 1526 4008 poliutum
1534 3943 1761 4013 tangendopolluti
1772 3956 1845 4002 sunt.

1055 4015 1108 4074 Cur
1121 4035 1185 4092 ergo
1200 4023 1226 4078 in
1240 4025 1360 4092 ejusdcm
1371 4031 1566 4095 communione,
1581 4041 1659 4102 atoue
1671 4049 1685 4087 a
1699 4043 1787 4090 testea
1800 4052 1847 4094 sc·

1054 4112 1167 4179 paratis,
1191 4120 1313 4184 tanqtmm
1332 4118 1517 4175 innocentibus
1529 4121 1620 4177 dilatio
1634 4123 1762 4180 redeundi
1779 4141 1845 4181 eon-

1054 4201 1172 4269 ceditur,
1189 4214 1217 4259 ut
1233 4206 1326 4278 integri
1347 4208 1457 4265 honoris
1472 4226 1503 4267 ac
1521 4214 1581 4268 ildei
1600 4216 1712 4284 regressi
1732 4216 1847 4275 habeant

1054 4289 1243 4360 fundamenta,
1262 4300 1352 4368 etqui
1372 4307 1494 4369 utttqttam
1515 4302 1674 4359 ordinationi
1695 4306 1845 4365 llanitttiani

1054 4397 1107 4437 non
1120 4382 1305 4454 littei-tuerint,
1320 4399 1471 4444 mercantur
1489 4391 1581 4447 audire
1594 4393 1664 4462 quod
1676 4410 1718 4448 eos
1729 4398 1845 4468 sacrilegi

1053 4473 1147 4527 surculi
1159 4491 1209 4530 non
1221 4477 1365 4544 polluerunt
1380 4477 1527 4549 pmntarm,
1550 4483 1575 4536 in
1592 4483 1685 4540 eodem
1701 4495 1774 4554 parte
1795 4503 1844 4556 po·

1053 4565 1129 4631 sitos,
1144 4566 1170 4620 iu
1182 4567 1277 4623 codctn
1291 4569 1434 4626 seltismate
1446 4572 1593 4642 colligatos,
1608 4590 1622 4628 a
1636 4576 1710 4632 tobis
1722 4576 1842 4645 divisos,

1054 4654 1106 4710 illis
1119 4657 1243 4724 sociatos,
1257 4657 1336 4712 simul
1351 4660 1377 4714 iu
1392 4661 1481 4716 dtriea
1496 4664 1667 4730 constitutos,
1680 4666 1842 4735 ttotissintos,

1052 4745 1239 4815 amicissimos,
1254 4749 1496 4819 coniunctissimos,
1511 4755 1555 4824 qui
1568 4756 1617 4810 etsi
1633 4772 1688 4810 non
1699 4768 1844 4827 praesentes

1051 4850 1112 4892 cunt
1126 4838 1333 4908 ordinaverunt,
1348 4854 1458 4914 propter
1476 4861 1537 4902 caut
1553 4855 1641 4903 tannen
1660 4858 1687 4904 et
1704 4850 1843 4910 absentem

1053 4926 1215 4984 Primianum
1229 4931 1439 5002 damnareruttt;
1459 4944 1487 4991 ct
1508 4937 1660 5007 inquinasse
1674 4940 1770 4998 dicitur
1783 4958 1843 5000 sur·

1052 5015 1127 5073 culus
1149 5009 1283 5075 ceciliani
1304 5023 1378 5079 orbis
1400 5033 1528 5081 terrarum
1550 5029 1662 5099 populos
1683 5031 1843 5093 clteistianos

992 5158 996 5163 .
1051 5110 1296 5181 numerosissimos,
1316 5116 1523 5185 remotissimos,
1544 5120 1744 5192 ignotissimos,
1763 5127 1842 5196 ettjus

242 5221 252 5253 ¹
312 5234 370 5272 .ar
394 5228 484 5274 runata.

241 5227 330 5344 ticli}
341 5235 574 5336 effultum—rorte
586 5283 718 5349 legendum
729 5294 783 5346 est,
793 5285 838 5336 soli
859 5284 996 5339 testaremur.

242 5340 997 5420 ⁸lor.,etprtrputttiampuleumetcerodabrannuetetttapud

209 5404 349 5463 caprimum
359 5405 459 5480 legitur,
470 5406 620 5470 pmmscrre
630 5421 656 5458 sc
661 5408 716 5469 iam
727 5421 802 5472 posse.
814 5417 850 5456 stc
857 5418 929 5458 ettam
936 5411 997 5472 apud

268 5559 274 5572 ·
395 5565 400 5576 ·
428 5564 434 5578 ·
478 5562 487 5590 ι
745 5565 753 5593 s
792 5567 798 5580 ·

239 5615 276 5690 (b)
285 5628 499 5702 apudntpprhnum
508 5634 670 5685 babetursic:
684 5635 795 5689 tetdttm
804 5635 934 5690 dominium
951 5637 996 5708 sibl

208 5697 307 5755 sompes
315 5691 412 5755 mundam
421 5693 475 5760 plus
483 5707 584 5760 quun„
597 5703 644 5753 etc.

1052 5213 1105 5255 nou
1118 5199 1177 5255 dieo
1190 5216 1312 5268 mnsam,
1327 5205 1375 5260 sed
1389 5207 1464 5262 multi
1477 5223 1527 5265 nec
1542 5226 1638 5267 nomen
1654 5230 1733 5270 nosse
1745 5227 1841 5286 potue·

1052 5292 1133 5348 runt?
1146 5291 1204 5348 Non
1223 5298 1419 5354 communicant
1432 5302 1546 5369 peccatis
1559 5303 1668 5370 alicnis,
1683 5308 1727 5377 qui
1745 5323 1841 5377 peeca-

1053 5389 1108 5437 tum
1129 5382 1278 5440 Maximiani
1294 5401 1348 5441 non
1370 5389 1456 5444 solum
1475 5392 1611 5460 scierunt,
1634 5396 1681 5451 scd
1701 5406 1729 5452 et
1748 5411 1841 5454 contra

1050 5472 1212 5533 Primianum
1237 5475 1374 5538 levando⁸
1397 5491 1541 5537 erexerunt
1562 5501 1569 5538 ε
1592 5494 1621 5540 ει
1643 5489 1840 5547 communicant

1072 5706 1093 5740 —s
1107 5707 1282 5774 tonstrinae.
1380 5686 1396 5715 ”
1497 5689 1505 5705 ’
