3906 6390
253 209 289 267 90
867 205 896 259 S.
917 201 1097 261 tuousttm
1118 202 1265 260 eetscort

254 321 301 379 sit
312 320 380 377 circo
396 320 560 375 humilitatem
580 325 691 373 nostrum
709 318 789 374 inesse
804 317 920 384 docuisti,
936 319 1035 372 domine

257 423 313 465 rere
324 419 418 475 sancte,
431 417 455 464 et
466 410 555 462 aurito
567 407 706 463 lentissime
721 423 751 461 ac
763 407 943 462 desiderabilis.
957 407 1035 462 Acce·

238 527 242 531 ·
257 500 340 568 pimus
349 500 413 553 enisu
425 516 469 569 per
482 497 605 553 leominesu
618 506 731 552 nostrum
743 496 875 551 luiiasmm
886 499 918 551 de
928 497 1034 552 (ὶιιιιιιιι-

254 590 314 661 pins
326 597 500 655 rmestentesss,
519 588 615 642 litteras
628 596 723 641 tantam
742 587 813 643 nolis
826 586 973 643 sanctitutis
987 597 1036 642 tute

255 681 337 735 lucens
349 678 489 746 afferentes,
504 689 531 733 ut
545 679 616 734 neiis
628 679 774 733 claritatem
795 688 863 734 tuam
883 696 933 734 non
953 695 1034 750 opno-

255 785 332 835 vcese,
341 771 385 824 sed
394 770 724 842 recapssoscescvidcrernur.
740 769 807 836 Quia
816 770 928 825 videlicet
938 771 1033 837 suillo,

252 860 295 931 ptri
304 875 350 914 nas
361 859 393 913 ai
403 860 500 930 oripine
508 859 595 915 mundi
608 858 792 929 pradestinavit
802 858 858 924 sibi,
867 858 978 914 claritas
987 861 1034 914 ista

250 951 378 1018 nunonis,
400 950 426 1003 in
447 966 496 1019 ono
514 952 575 1020 ιιιιι·
586 966 671 1005 summ
683 959 816 1020 amoenans
825 951 895 1015 nati,
910 950 969 1019 puio
980 950 1034 1019 ipse

249 1041 308 1113 [ecit
322 1055 378 1104 nos,
391 1049 414 1094 et
428 1056 478 1094 nost
492 1039 541 1110 ipsi
553 1055 598 1094 nos
613 1038 699 1110 (Ptol.
714 1039 837 1109 nomi),
846 1039 890 1109 qui
904 1038 963 1110 fecit
978 1054 1035 1108 pssoe

249 1131 337 1201 lutam
345 1138 413 1185 suist.
426 1129 509 1201 liujus
521 1130 760 1202 tpttmpresctemte
769 1139 793 1186 et
805 1146 879 1199 opere
891 1131 992 1202 immoti
1004 1131 1032 1184 iss

250 1220 440 1276 u'nsilitndinem
454 1220 610 1276 voluntatum
623 1229 647 1276 el
662 1222 782 1279 misnen
796 1221 856 1291 patet
872 1224 910 1278 vcl
930 1222 1032 1277 utsitotis

250 1311 327 1380 fidens
344 1310 506 1379 preveniente
517 1311 630 1367 notitiam
642 1311 763 1366 cisaritote
775 1312 881 1366 catenosi
891 1327 989 1380 sumus,
1005 1321 1033 1367 ut

252 1417 298 1456 nos
312 1401 416 1455 invicem
429 1410 485 1455 ante
496 1403 638 1472 corporales
648 1411 795 1472 conspectus
805 1402 929 1458 reuelante
942 1404 1032 1474 spiritu

250 1508 417 1547 nosceremus.
430 1491 592 1545 Gratulamnr
601 1493 683 1563 itopne
694 1502 717 1547 et
729 1493 866 1563 ploriamur
876 1495 903 1548 in
912 1493 1030 1556 Donsino,

248 1583 294 1654 ani
309 1598 373 1637 unus
389 1592 463 1651 atone
480 1583 546 1637 idem
562 1584 651 1653 ulique
664 1594 788 1638 tetrarum
805 1595 921 1656 operatur
934 1587 960 1641 iss
979 1588 1032 1642 ntis

250 1671 407 1726 dilectionem
424 1688 495 1726 suem
520 1672 619 1742 Spiritu
638 1682 738 1740 sancto,
750 1690 824 1744 auem
840 1691 916 1747 super
933 1692 1031 1730 ormnem

249 1761 456 1829 caassemeffudit,
464 1763 1029 1834 flunsinisimpetnltetificanscivitatemsnam.

249 1849 283 1907 ln
298 1852 371 1922 cnjus
384 1860 408 1906 te
420 1851 512 1906 civilius
530 1854 692 1923 principalem
706 1870 763 1908 cuns
775 1855 930 1925 principibus
944 1856 1030 1924 popul

247 1947 297 2013 sui,
305 1946 365 2002 >sede
374 1947 512 2015 apostolico
521 1948 607 2002 merito
619 1949 747 2003 collocavit
756 1963 766 2003 .·
775 1950 960 2020 nospncetiam,
969 1966 1031 2018 quos

246 2039 415 2105 crecitelisas,
425 2047 448 2093 ιι
460 2039 491 2092 de
505 2044 572 2094 terro
585 2040 672 2111 inopes
679 2041 816 2107 suscitavit,
827 2041 852 2093 in
861 2051 942 2094 nestra
954 2041 1030 2095 voluit

245 2139 311 2185 sorte
330 2129 466 2183 numerari.
482 2128 535 2184 Sed
555 2131 634 2200 vespis
653 2129 810 2199 prntsdmnur
829 2131 856 2184 in
878 2145 907 2183 co
929 2129 1030 2184 Domini

246 2233 363 2284 temnere,
381 2233 430 2285 pua
443 2233 489 2271 nos
501 2217 528 2272 in
541 2217 647 2289 pectoris
666 2218 703 2273 tui
719 2217 871 2272 lsoiitatioue
886 2219 1029 2284 constitnit,·

245 2325 343 2379 qnoque
351 2309 385 2363 ito
397 2307 529 2363 uisceribns
539 2309 588 2364 tuis
598 2309 724 2364 insinnare
733 2309 850 2379 dipnatus
860 2319 906 2373 est,
916 2320 943 2362 nt
956 2325 1030 2379 pecu-

246 2398 333 2453 liarem
345 2397 555 2453 naiisaimritotis
567 2407 616 2452 tute
629 2398 747 2466 fiduciam
760 2398 920 2464 eissdieesnns,
935 2399 974 2453 isis
988 2402 1029 2470 of·

246 2488 310 2557 pelis
328 2498 403 2558 atque
421 2488 562 2543 senunerilms
577 2490 713 2558 provocati,
725 2497 756 2541 -ut
777 2504 822 2543 nos
836 2488 974 2559 diffidenter
985 2498 1030 2542 ant

247 2577 332 2631 leuiter
345 2587 368 2631 te
382 2594 467 2632 ansere
481 2595 530 2632 stou
544 2578 625 2632 liceat.

281 2667 309 2722 2.
329 2668 476 2745 slecepinsus
495 2669 561 2722 enim
573 2669 669 2738 istsipnc
685 2669 838 2740 precipuum
850 2669 989 2723 dilectionis
1003 2679 1029 2724 ιι

246 2757 420 2812 sollicitudinis
441 2767 508 2824 tnoe,
529 2774 593 2828 opus
614 2759 693 2812 cuncti
710 2767 734 2811 ct
755 2758 856 2828 perlecti
873 2760 900 2812 iss
921 2759 1029 2815 Donsino

247 2845 345 2905 Cissisto
356 2849 403 2903 uiri
410 2889 417 2914 ,
433 2849 520 2920 {ratris
532 2849 611 2903 rsostri
623 2848 756 2920 ΑιιιιιιιίιιιΙ
770 2849 838 2904 libris
849 2852 958 2921 quinque
968 2868 1029 2906 con-

246 2939 356 3008 sectum,
369 2941 435 3011 quod
449 2941 483 2995 ita
495 2941 615 2994 nsiranmr
625 2949 702 3010 atque
714 2941 878 3011 suspicimus,
893 2951 920 2995 nt
933 2942 1028 2997 dictata

246 3029 365 3083 ritrins'tns
387 3029 460 3083 veria
483 3030 622 3083 creantem.
645 3027 733 3100 ltaque
754 3029 848 3099 fidncia
864 3032 1029 3102 suscipiendae

245 3118 316 3173 stabis
329 3119 502 3172 unassimitote's
512 3131 571 3184 tua,
584 3128 608 3172 et
619 3118 652 3171 od
662 3119 744 3188 ipsum
754 3118 858 3173 scribere
868 3120 922 3173 ansi
930 3136 1025 3184 tunsus,

245 3207 305 3261 ditm
325 3223 370 3261 nos
388 3206 426 3260 ilii
443 3224 487 3277 per
504 3217 541 3270 te,
558 3217 582 3260 et
599 3206 631 3260 de
643 3207 767 3276 imperitia
779 3207 944 3274 eacssmsnlos,
956 3217 981 3261 ct
994 3208 1027 3261 ml

245 3298 390 3357 alteritatem
403 3297 613 3352 consuscsstlondos
628 3298 818 3366 presumsietsns;
832 3299 896 3352 siout
907 3308 932 3353 et
944 3301 1026 3353 omisi·

245 3385 291 3442 lus
302 3386 413 3450 sanctis,
429 3403 536 3451 anorum
547 3404 592 3457 etos
609 3397 631 3441 et
645 3387 783 3442 absentium
802 3388 886 3459 officiis
904 3391 1027 3460 sospitare

245 3477 361 3548 dipnatus
372 3493 409 3545 ιι,
424 3478 479 3549 pari
492 3478 580 3549 procul
594 3477 669 3533 delrio
682 3488 813 3535 curaturus
825 3478 925 3547 affectu,
942 3489 969 3535 ut
982 3498 1028 3550 per

248 3567 412 3621 Sanctitatens
425 3579 509 3632 tnttsn,
526 3569 616 3622 nostris
629 3569 730 3622 invicem
743 3569 882 3625 sselsstentur
894 3572 1024 3639 obterendis,

246 3668 269 3711 ιι
283 3658 309 3711 in
320 3657 389 3712 etms
402 3658 549 3712 Sassctitots's
561 3670 610 3712 ttttv
621 3659 734 3723 consitos,
747 3667 769 3711 ιι
784 3660 809 3711 ιἰι
822 3662 979 3714 sssossasteriis
992 3662 1025 3729 fi-

246 3747 287 3802 dei
300 3764 330 3800 oc
343 3747 438 3801 visitetis
453 3748 681 3802 tnoctvsnalntores.
702 3746 771 3800 Nem
787 3749 834 3802 etsi
846 3750 871 3800 iss
884 3749 983 3817 poetalis
996 3767 1027 3803 ae

246 3851 322 3908 super
334 3837 455 3907 populum
469 3853 547 3908 opos,
563 3853 619 3890 ones
633 3852 732 3905 pascuae
745 3836 847 3890 Domini
860 3853 945 3907 repetes
957 3839 1028 3893 solii-

247 3926 302 3980 citis
314 3925 373 3997 vipii
381 3935 468 3996 pastor
481 3924 591 3980 eccniiis
602 3940 611 3978 .·
624 3934 706 3978 taesseu
719 3923 873 3979 abdicatione
881 3927 983 3992 soecnii,
1004 3935 1027 3980 et

248 4002 350 4087 repulso
365 4014 447 4070 caretis
466 4031 496 4069 oc
515 4015 659 4086 sonpuinis,
674 4016 796 4069 descrimen
810 4016 854 4070 tsii
870 4017 923 4086 ipse
936 4017 1026 4088 iecisti,

246 4116 353 4160 secretas
364 4121 381 4160 o
392 4106 485 4170 struitis,
501 4115 601 4159 vocatus
613 4106 639 4159 in
651 4106 747 4176 paucis.

281 4199 307 4253 ὅ.
329 4197 399 4253 Sane
412 4198 504 4252 vicario
517 4198 673 4268 eliminemus
687 4213 802 4261 munere,
821 4197 876 4252 licet
890 4213 933 4267 per
944 4200 1027 4253 omnic

246 4285 291 4341 tili
300 4287 392 4358 imper,
407 4295 434 4341 ut
442 4288 567 4359 jusseras,
581 4287 677 4358 providi
686 4286 757 4341 illam
769 4284 870 4341 Eusebii
884 4288 1027 4342 umeralrilis

246 4377 355 4446 episcopi
369 4374 636 4446 constantinopolitani
646 4375 678 4430 de
686 4376 779 4431 cunctis
792 4379 941 4447 temporiims
951 4377 1027 4432 isisto·

245 4465 320 4518 siant.
332 4463 385 4519 Sed
394 4465 420 4518 in
429 4460 533 4536 lsoc'p'nit
543 4464 729 4535 oltentperandi
740 4468 1028 4537 nsora,t1uotlinstrnctu

247 4563 301 4620 tao,
315 4553 374 4621 euin
386 4555 439 4625 ipse
452 4571 501 4608 non
514 4553 629 4608 iuberem
641 4553 706 4608 lsnnc
719 4555 838 4622 codicesss,
849 4555 937 4610 ilostsoe
947 4558 1028 4626 reperi

243 4642 316 4712 apud
329 4652 456 4712 parentem
467 4651 580 4697 nostrum
590 4657 646 4697 occe
656 4643 839 4697 sanctissimam
851 4644 1026 4712 ilonsnionem,

245 4749 289 4803 spus
304 4733 391 4803 procul
402 4732 477 4787 dulio
484 4732 627 4805 prompsisse
640 4733 702 4787 miisi
711 4735 794 4804 paruit
806 4735 833 4788 iss
842 4735 889 4789 isac
899 4735 1026 4806 beneficio,

246 4822 314 4894 ptati
334 4822 379 4876 liii
399 4821 562 4893 delcrmdnm
579 4823 686 4878 indicavi
699 4824 720 4878 ¹.
740 4822 914 4880 Vensnstamen
932 4827 991 4896 qnia
1003 4835 1028 4881 et

245 4913 301 4969 lace
313 4921 356 4967 tua
370 4911 432 4967 milti
443 4913 585 4985 sipnificarc
603 4914 720 4986 diprmtus
732 4930 775 4980 es,
791 4925 819 4970 ut
833 4918 886 4987 ipse
899 4919 1025 4986 monuisti,

244 5005 278 5058 od
290 5003 451 5061 venmaiilcm
460 5005 554 5059 socinm
563 5021 662 5060 corossoe
673 5015 732 5072 tuoe,
747 5017 842 5077 patrem
851 5020 962 5064 nostrum
972 5010 1027 5064 Au·

243 5095 335 5150 salium
346 5097 381 5150 ita
389 5095 546 5168 scripsimus,
557 5105 584 5150 ut
597 5097 619 5152 si
630 5113 696 5153 nnssc
707 5097 906 5170 Hippone-sepio
915 5100 1024 5171 deperes,

200 5212 204 5220 ·
244 5181 290 5237 silo
301 5185 446 5240 tiiilitteras
455 5196 564 5252 nostras,
579 5193 602 5238 ct
611 5186 1028 5259 transcriptamilartlsapinemem·

245 5271 350 5325 menam
361 5275 457 5330 mittere
468 5274 622 5345 dipnaretur.
637 5272 713 5339 Quot
725 5283 749 5328 et
762 5278 949 5344 sanctosviros,
964 5293 1026 5346 qnos

273 5461 283 5497 l
294 5461 363 5522 edd..
375 5463 438 5535 qnod
446 5462 491 5516 till
500 5465 655 5529 desesersdnnt
660 5467 787 5530 medicant.
794 5474 849 5519 tiss.
859 5469 908 5522 duo
918 5472 1025 5536 Mutii·

243 5523 303 5575 cusi.
316 5523 395 5605 stulti
407 5523 455 5575 dno
465 5538 488 5575 r.
500 5528 706 5579 commutavisse
718 5531 814 5593 noman,
828 5528 940 5584 irremoti.

1826 219 1880 273 {⁰0

1089 316 1183 371 indices
1204 317 1332 375 claritatis
1353 321 1481 390 ipsorum,
1504 333 1547 379 tuo
1569 337 1872 405 musone'eopnnrrnntv

1087 407 1207 463 Comitem
1221 420 1243 463 ιι
1260 409 1384 466 Evodium
1402 416 1561 483 inponimus,
1580 426 1607 473 ιιι
1626 419 1680 472 lttee
1698 422 1807 477 scrisse·
1825 426 1867 491 ipa

1086 509 1211 563 curarent,
1223 513 1254 553 ne
1262 500 1300 554 vei
1309 504 1407 571 porceti
1418 502 1555 561 Domniosss'
1564 506 1660 563 diutius
1672 510 1820 565 codesusus
1831 513 1866 567 sic

1085 589 1160 656 soret.
1175 597 1198 641 ct
1212 588 1255 642 tilsi
1268 592 1429 646 transmissos
1442 593 1496 647 sine
1505 596 1648 650 ιιιιιιιιιιιι
1662 597 1807 653 rcdlsiiessdi
1820 617 1870 655 ma·

1086 689 1163 732 neret.

1120 768 1148 823 l.
1169 768 1319 839 Speciolites
1329 781 1413 825 entem
1425 773 1473 827 isos
1485 790 1502 831 u
1516 784 1541 831 ιι
1553 785 1619 845 peto,
1634 777 1753 845 mordens
1765 796 1806 836 me
1821 782 1871 835 iss·

1084 866 1218 911 mcrmtens
1232 866 1256 912 et
1268 859 1437 929 inopinantem
1451 878 1542 932 tuopno
1551 864 1589 918 tui
1597 880 1683 920 ornare
1694 870 1833 938 complesti,
1843 883 1872 924 us

1085 962 1131 1000 vro
1145 947 1192 1001 isac
1208 949 1313 1003 lsistoria
1334 959 1490 1017 temporum,
1506 953 1601 1022 reseras
1622 956 1683 1009 tnilsi
1703 973 1800 1012 omnem
1821 970 1870 1015 tstae

1084 1036 1233 1092 Sanctitatis
1245 1039 1392 1093 lsistoriom:
1406 1048 1432 1092 ut
1444 1040 1527 1110 quod¹
1542 1059 1630 1112 pasus,
1649 1046 1715 1100 unde
1729 1047 1763 1099 sis
1773 1047 1869 1115 darno,

1084 1134 1153 1182 tanto
1166 1138 1294 1183 voeuttna
1310 1127 1438 1196 Domino,
1459 1132 1548 1200 actions
1560 1135 1669 1188 cmrdiis
1683 1147 1826 1208 eutrapetus
1835 1140 1868 1197 al

1083 1226 1155 1271 utero
1166 1218 1255 1272 matris
1269 1228 1329 1286 tssoe,
1342 1219 1493 1274 adventrum
1506 1221 1616 1289 tiliorum
1630 1222 1676 1279 ost
1694 1225 1766 1295 prole
1778 1229 1868 1283 laten·

1083 1307 1272 1377 immeliorata
1286 1308 1369 1362 curetis
1383 1318 1406 1363 et
1420 1310 1550 1380 mnpuissis
1560 1312 1647 1382 stirpe,
1658 1315 1797 1384 tramissis,
1808 1326 1832 1373 ιι
1841 1318 1869 1375 its

1082 1413 1159 1468 pessus
1166 1399 1250 1469 sepulc
1258 1407 1281 1451 et
1290 1399 1442 1457 sacerdotale
1448 1400 1484 1455 sis
1494 1402 1640 1466 trasulotus,
1651 1404 1781 1465 edituus.
1790 1405 1869 1473 Quod

1083 1487 1147 1541 enirn
1161 1487 1293 1553 intlicasti,
1302 1488 1359 1559 jorn
1374 1488 1407 1545 ds
1419 1489 1568 1545 bumilitatis
1580 1502 1672 1547 nostres
1684 1494 1784 1553 stonum
1797 1496 1868 1567 opud

1083 1575 1255 1632 Mediolanum
1269 1588 1292 1633 te
1302 1579 1429 1645 didicisse,
1443 1597 1500 1634 cum
1512 1581 1563 1635 illic
1575 1582 1719 1647 initiareris,
1733 1584 1868 1653 lotcorctt—

1081 1667 1172 1721 riosius
1186 1683 1225 1722 nse
1239 1666 1302 1723 velle
1319 1669 1478 1735 condiscere,
1500 1679 1527 1724 ut
1544 1671 1612 1725 ossstsi
1629 1682 1699 1741 parte
1710 1681 1733 1727 ta
1745 1677 1864 1745 uermes,

1080 1774 1129 1828 quo
1147 1759 1227 1829 nsapis
1247 1759 1376 1830 prumien,
1391 1760 1414 1813 si
1429 1776 1445 1813 o
1458 1760 1616 1830 suscipiendo
1627 1762 1687 1815 nunt
1698 1772 1769 1834 patre
1780 1776 1867 1823 nomro

1081 1848 1222 1916 Ambrosio,
1235 1849 1275 1903 vel
1286 1851 1320 1904 ad
1330 1850 1405 1919 tidem
1417 1851 1534 1906 ismitatus
1546 1868 1589 1920 es,
1602 1852 1640 1907 vel
1653 1853 1687 1907 od
1699 1856 1866 1912 sacerdotium

1081 1950 1257 2008 consecratus,
1276 1951 1304 1996 ut
1316 1946 1428 1997 msstdem
1442 1944 1516 1997 amia
1529 1944 1657 1998 videamur
1669 1944 1759 2000 isolere
1776 1956 1865 2002 sucto-

1081 2048 1143 2086 rem.
1158 2031 1226 2086 Nam
1239 2050 1284 2103 epa
1296 2037 1341 2089 etsi
1354 2051 1370 2087 u
1384 2033 1511 2106 Delphina
1524 2035 1675 2108 Burdepaioe
1687 2037 1865 2109 baptizatum

1080 2123 1186 2195 Lasttpto
1200 2127 1269 2195 apud
1280 2125 1439 2183 Boreilonem
1450 2128 1477 2182 iss
1491 2127 1625 2199 llisponiu,
1640 2147 1685 2200 pes
1698 2132 1747 2185 eins
1760 2133 1863 2202 issllnsn-

1080 2222 1155 2267 enatae
1163 2213 1243 2268 sulsito
1251 2215 1340 2287 plebis,
1350 2225 1462 2270 socratas
1470 2217 1516 2270 sint
1526 2233 1535 2281 ,·
1546 2227 1628 2271 tostsen
1638 2218 1762 2274 Ambrosii
1768 2237 1865 2290 sompes

1080 2311 1103 2357 et
1116 2302 1248 2358 dilectione
1260 2304 1294 2357 ad
1306 2304 1529 2379 suessionensem
1542 2322 1612 2372 suess,
1625 2316 1649 2360 et
1664 2324 1729 2362 nunc
1739 2310 1765 2363 in
1776 2326 1862 2365 succr-

1080 2393 1142 2447 dotii
1154 2394 1241 2449 ordine
1251 2399 1391 2466 confoveor.
1404 2394 1517 2463 lienique
1533 2411 1579 2449 sno
1593 2412 1632 2450 use
1651 2395 1718 2451 clero
1736 2398 1864 2453 vindieiis-e

1079 2483 1172 2546 voluit,
1195 2492 1222 2537 nt
1240 2483 1286 2538 etsi
1304 2483 1407 2538 diversis
1432 2483 1492 2540 locis
1513 2484 1617 2556 depasn,
1640 2486 1719 2556 ipsius
1737 2489 1865 2561 possimos

1078 2588 1194 2632 nestsear„

1114 2665 1140 2718 5.
1162 2664 1215 2717 Sed
1234 2665 1264 2718 de
1277 2682 1315 2719 nse
1329 2681 1359 2718 ne
1372 2666 1433 2735 qnid
1449 2667 1563 2737 iprenses,
1582 2669 1647 2721 scios
1665 2671 1864 2739 antiquissimum

1079 2763 1248 2823 peccatoram,
1270 2771 1319 2807 seon
1338 2755 1373 2807 ita
1392 2756 1452 2808 olim
1469 2755 1500 2808 dc
1517 2756 1621 2811 tenebris
1635 2766 1658 2811 ct
1678 2762 1764 2812 sessim
1777 2761 1864 2814 retortis

1078 2846 1213 2910 eductum,
1229 2846 1344 2915 spiritum
1359 2861 1428 2899 auree
1445 2846 1527 2900 vitalis
1548 2847 1677 2915 lsausisse,
1698 2866 1741 2902 nec
1753 2851 1790 2903 ita
1802 2850 1863 2904 olim

1079 2934 1192 3003 posuisse
1205 2935 1230 2986 in
1245 2944 1329 2987 aratro
1343 2951 1456 3000 osanam,
1468 2944 1490 2988 et
1499 2951 1596 2989 crncms
1607 2934 1711 2991 Densini
1722 2940 1862 3006 snststlisscs

1078 3038 1153 3092 petam
1173 3033 1198 3076 nt
1218 3024 1244 3077 in
1263 3025 1337 3094 fineen
1357 3025 1466 3096 perferre
1480 3024 1619 3090 valeamus,
1642 3029 1795 3083 orationibus
1812 3031 1862 3083 tuis

1078 3113 1237 3184 adjuvemur.
1261 3114 1463 3169 elecnnmlabitur
1480 3117 1533 3170 ιιι
1546 3117 1639 3171 meritis
1653 3120 1702 3172 tuis
1715 3137 1823 3186 merces,
1839 3124 1862 3175 si

1078 3205 1213 3257 interventu
1227 3214 1270 3258 tuo
1281 3221 1359 3265 onera
1372 3216 1456 3259 nestro
1466 3189 1619 3262 releuaverie.
1632 3209 1813 3265 Sanctnsens'ns
1822 3214 1862 3267 lo·

1078 3292 1205 3347 iocantem
1220 3294 1341 3367 adjuvans
1354 3293 1424 3366 (qesta
1440 3296 1545 3351 lenirem
1560 3311 1612 3351 non
1625 3299 1859 3372 solemnissimum)

1078 3384 1229 3439 scatentium
1250 3385 1314 3437 st'cstt
1337 3386 1422 3439 ciuitas
1446 3402 1546 3458 tssapno.
1569 3386 1602 3440 Es
1621 3397 1648 3441 tu
1669 3389 1768 3460 attidem
1784 3407 1860 3460 super

1077 3482 1186 3526 montem
1198 3473 1284 3527 civitas
1298 3475 1423 3542 testificata
1434 3491 1468 3539 es,
1488 3475 1526 3529 nel
1538 3491 1641 3530 accusem
1654 3494 1728 3548 snper
1740 3480 1859 3533 candela-

1077 3561 1149 3617 brum
1168 3563 1270 3616 lacerno
1283 3563 1308 3616 in
1323 3564 1462 3633 septiformi
1478 3564 1592 3619 claritate
1605 3565 1731 3631 colluces,·
1750 3584 1796 3622 ssos
1814 3569 1859 3623 suls

1078 3654 1163 3705 modio
1186 3662 1341 3722 pecccatorum
1364 3654 1550 3709 delitescimus:
1563 3657 1634 3713 visito
1654 3657 1742 3714 litteris
1759 3661 1823 3728 tuis,
1835 3670 1859 3715 et

1078 3743 1163 3812 proles
1174 3744 1199 3796 in
1211 3743 1290 3796 liccem
1300 3744 1326 3796 in
1339 3760 1386 3812 esta
1397 3744 1449 3813 ipse
1461 3746 1576 3812 versaris,
1589 3762 1666 3816 snper
1678 3764 1754 3802 aurea
1767 3751 1858 3804 casade-

1078 3832 1149 3886 lnim
1157 3834 1313 3902 conspicans.
1325 3832 1567 3903 Eioqssitstuolamen
1578 3837 1671 3891 sortitis
1679 3839 1856 3905 nostrisermst,

1077 3934 1100 3975 ιι
1113 3922 1167 3975 olco
1177 3923 1284 3975 lucernae
1294 3936 1343 3976 tate
1352 3925 1547 3993 isnpinpnaiitnr
1556 3934 1630 3996 caput
1640 3935 1762 3981 nostrum.
1774 3928 1806 3983 Et
1815 3946 1858 3983 ac-

1078 4012 1195 4065 cessdetur
1207 4011 1284 4080 fides,
1303 4029 1358 4066 omn
1374 4015 1464 4085 spiritu
1476 4016 1527 4071 oris
1541 4017 1576 4070 tui
1589 4018 1671 4071 cilum
1682 4021 1770 4075 mcertis
1782 4031 1805 4075 ct
1818 4021 1857 4075 ln·

1078 4117 1133 4155 osen
1145 4103 1236 4156 aesinam
1247 4105 1435 4171 sanspsertnms.

1113 4191 1140 4245 tt.
1161 4189 1219 4244 Poe
1231 4201 1254 4245 et
1267 4194 1349 4263 pratia
1364 4193 1409 4247 liei
1427 4204 1528 4264 testans,
1549 4206 1573 4250 ιι
1590 4214 1682 4253 corona
1700 4201 1801 4257 ustitia
1814 4203 1856 4258 till

1077 4291 1176 4334 nmsseat
1189 4282 1215 4335 in
1228 4282 1268 4336 dic
1279 4283 1334 4350 illo,
1350 4284 1450 4338 donsine
1463 4295 1541 4355 pater,
1560 4289 1646 4342 nterito
1660 4288 1818 4346 dilectissime
1834 4303 1858 4346 st

1078 4372 1224 4425 venerabilis
1237 4381 1260 4426 ιι
1277 4374 1469 4443 exoptatissime.
1485 4374 1632 4432 lietscdictos
1647 4378 1793 4435 Sanctitatis
1809 4393 1858 4438 ista

1078 4461 1178 4513 corstitee
1190 4469 1213 4514 ιι
1225 4460 1392 4529 tumulatores,
1406 4464 1432 4517 in
1444 4464 1552 4520 Domino
1564 4467 1663 4537 patres,
1677 4470 1699 4524 si
1712 4470 1855 4541 dipnnntnr,

1079 4557 1185 4613 nastros,
1197 4559 1247 4602 tons
1257 4551 1283 4604 in
1291 4551 1399 4606 ecclesiis
1406 4570 1481 4624 quum
1490 4555 1516 4608 in
1525 4558 1689 4624 monasteriis,
1700 4558 1856 4630 Cortisapini,

1080 4636 1221 4709 Ylsupasttu,
1236 4638 1456 4711 Hippone-sepio,
1474 4653 1498 4697 ιι
1509 4646 1567 4698 totis
1578 4647 1705 4716 parocisiis
1723 4650 1772 4702 tuis
1787 4659 1858 4719 utone

1079 4731 1193 4784 omnibus
1206 4731 1310 4802 capititis
1324 4732 1368 4786 tilsi
1381 4750 1425 4805 per
1438 4734 1549 4804 ultricem
1562 4736 1637 4803 locis,
1651 4738 1759 4794 Donsino
1772 4742 1857 4795 catlso·

1079 4821 1126 4876 lice
1137 4821 1267 4876 servientes
1278 4864 1287 4890 ,
1305 4823 1385 4878 mnlto
1396 4822 1488 4892 ali'eem
1499 4835 1523 4880 et
1536 4826 1653 4898 oiscqnio
1664 4831 1769 4885 solutari
1783 4848 1859 4903 rapa·

1078 4926 1142 4965 ntus.
1159 4909 1189 4965 st
1201 4910 1283 4981 ipsam
1294 4912 1463 4967 mersitonam
1477 4917 1557 4969 sancti
1566 4914 1715 4974 Donsnionis
1726 4921 1857 4991 acceperis,

1078 5002 1253 5073 transcriptores
1272 5005 1343 5058 nolis
1363 5006 1486 5060 remittere
1506 5006 1657 5078 dipnoieris.
1680 5009 1714 5063 Et
1737 5010 1783 5065 lsoc
1798 5026 1858 5082 rope

1076 5094 1172 5148 scriios
1193 5094 1253 5148 mitt
1274 5110 1346 5163 quon
1365 5096 1485 5166 lspmmnn
1502 5103 1746 5171 meumeopnoveris.
1763 5103 1859 5161 Panem

1077 5199 1155 5237 unum
1176 5182 1312 5238 Sanctitati
1333 5193 1384 5238 tute
1403 5186 1507 5241 unitatis
1528 5189 1611 5258 pretia
1632 5190 1758 5260 misissem,
1774 5193 1859 5264 inqua

1077 5274 1152 5327 etiam
1165 5271 1295 5327 Trinitatis
1306 5273 1420 5328 soliditas
1434 5277 1583 5331 continetur.
1600 5276 1675 5336 liussc
1688 5298 1777 5352 panem
1791 5283 1858 5340 euto-

1077 5362 1145 5434 piom
1156 5377 1210 5417 esse
1222 5372 1249 5416 tu
1261 5362 1338 5435 {ades
1348 5362 1494 5433 tlipnatione
1502 5367 1626 5424 mmmdl.

1109 5540 1167 5588 ¹sle
1176 5550 1263 5589 omnes
1272 5538 1470 5605 liddensem.
1501 5549 1530 5594 ιι.
