3906 6390
99 319 152 381 513
688 315 928 378 tirtsrolluttlt
947 312 1083 375 ctussts
1102 314 1145 373 ltt.
1350 395 1366 408 ἢ
1678 319 1734 377 ιιι

99 430 162 486 doru
177 442 230 484 non
250 425 419 500 dernacrpcret
431 427 529 484 durius
545 426 594 483 iste
610 426 750 490 horrendas
761 427 887 499 nequitia
941 425 1049 493 lentem,
1060 425 1221 481 dcosautem
1231 421 1383 483 falsissimos
1395 433 1620 497 contemnentem,
1635 444 1728 505 quaem·
1752 472 1756 509 ι,

99 519 205 591 pencris
220 517 339 584 fremant,
353 516 403 572 nisl
417 530 483 574 caus
496 514 594 573 Christi
610 517 636 570 iu
650 524 721 571 tanta
733 516 806 572 uelut
817 514 888 571 mole
939 515 984 571 dio
1001 515 1117 587 oportuit
1131 513 1213 571 veras
1236 513 1453 584 Testamentum,
1478 518 1523 576 ubi
1547 519 1735 587 relanrcutuar,
1752 530 1757 551 ¹

98 608 265 667 auctoritatis
286 609 447 666 eminentius
469 608 624 679 firmiusque
647 608 787 679 decretum
811 605 888 679 cujus
938 605 1101 662 Testamenti
1115 604 1180 661 Nori
1194 613 1253 673 cst,
1268 605 1438 673 obumbrari,
1455 617 1525 664 tauta
1541 625 1628 664 rerum
1642 621 1731 666 terre·

98 701 265 775 apprehenso
283 699 398 767 robore,
413 698 523 755 stabiles
540 714 681 766 essemus,
694 713 729 755 ne
742 698 811 756 male
824 712 885 754 sua·
938 710 1032 751 uarum
1046 694 1172 750 felicitate
1192 693 1362 763 honestavit,
1385 704 1414 752 ut
1430 697 1517 769 quiris
1530 697 1660 775 intelligat
1674 715 1732 755 noe·

98 795 229 860 dentium,
249 792 290 850 rel
303 792 329 849 in
341 792 411 849 mala
425 791 627 863 impellentium,
642 799 695 848 tam
707 797 783 847 uasto
795 789 886 848 mundi
938 787 1021 857 ipsam
1036 786 1131 845 esseio
1143 786 1292 844 daemonum
1305 796 1446 858 potestate,
1459 790 1507 846 scd
1518 790 1544 846 ln
1555 791 1724 857 illicientes,

99 885 177 960 buius
195 885 299 959 gorgite
316 883 420 956 abrepti
432 882 622 940 sorberemurf
642 883 671 938 ln
685 883 734 939 ista
748 881 819 938 enim
831 881 886 938 col·
937 875 981 932 cui
996 877 1088 948 augeli
1101 876 1229 945 seruiunt,
1247 892 1325 948 quem
1338 876 1474 935 daemones
1487 882 1704 938 contremiscunt.

98 977 168 1034 lude
189 991 293 1033 morum
316 975 493 1048 pessimorum
511 983 539 1032 et
559 975 658 1032 ueteris
679 975 788 1046 perdita
804 974 885 1031 disci·
973 964 1017 1022 ¹9·
1032 966 1158 1036 divisivi
1167 967 1249 1034 0000.
1261 966 1388 1025 ”bdellio
1397 969 1563 1039 1000001001
1573 970 1724 1042 loquamur,

98 1070 189 1142 plima,
207 1066 324 1123 maxime
343 1066 435 1123 senine
457 1080 489 1122 ac
508 1065 650 1123 subuenire
666 1066 757 1122 debuit
768 1066 886 1124 scelestis
936 1056 1069 1127 4100000
1088 1056 1136 1112 ΜΓ
1137 1056 1160 1112 ῑο
1169 1056 1234 1113 ᾸῙο0
1245 1065 1288 1114 000
1298 1054 1403 1126 0001οι
1416 1073 1470 1115 000
1482 1058 1586 1116 diem
1600 1074 1722 1132 0080000.

98 1154 259 1228 auctoritas,
273 1174 333 1229 qua·
345 1158 521 1214 uoluntariam
532 1166 716 1229 paupertatem
728 1199 736 1223 ,
749 1173 808 1229 qum
819 1171 886 1212 con·
936 1145 983 1202 scd
1005 1161 1040 1204 ne
1064 1145 1098 1204 ad
1120 1147 1235 1220 aliquam
1256 1147 1364 1220 quidem
1380 1146 1548 1221 iudiciariam
1567 1149 1725 1222 reipublicae

99 1248 256 1315 dnerrtiam,
273 1247 502 1316 benevolentiam,
522 1247 649 1318 justitiam
662 1289 669 1314 ,
682 1256 762 1319 atque
775 1262 887 1304 concor·
936 1248 1094 1311 potestatem
1113 1255 1175 1298 cum
1188 1242 1313 1300 omnibus
1326 1242 1382 1299 suls
1394 1244 1504 1317 maricis
1523 1245 1624 1302 artibus
1638 1247 1728 1317 potuit

98 1339 188 1406 diam,
209 1353 352 1410 ueramque
372 1338 497 1409 pietatem
515 1337 704 1408 persuaderet,
723 1346 886 1410 ceterasque
936 1329 1085 1401 90010οΙ1οι
1099 1329 1459 1403 Ι1000001100ῑο00001000
1470 1340 1559 1404 00ῑοοι
1570 1344 1597 1391 00
1608 1316 1728 1392 000001ῑῖ

98 1429 160 1485 rite
172 1428 316 1485 luminosas
330 1427 484 1500 validasque
498 1428 624 1494 rietatem
640 1443 692 1483 uon
706 1435 808 1484 tautum
822 1441 884 1498 pro-
937 1428 978 1476 ter
999 1420 1147 1490 educatus,
1173 1436 1322 1495 maculaque
1345 1423 1472 1496 praeditos
1494 1426 1656 1500 eloquentia.
1684 1429 1726 1483 An

98 1527 157 1589 pter
169 1519 245 1573 istam
259 1516 339 1573 sitam
353 1516 540 1573 honestissime
551 1513 705 1588 gerendam,
720 1532 769 1574 nec
783 1524 884 1573 ιιιιιιιιιι
937 1511 1006 1568 forte
1019 1513 1085 1581 ista,
1101 1521 1131 1569 ut
1142 1512 1315 1589 philosophus
1326 1517 1484 1583 ,voluntate
1496 1520 1726 1595 contempsit,qui

97 1615 206 1679 propter
217 1606 331 1662 ciuitatis
344 1615 456 1663 terrenae
467 1606 701 1665 concordissimam
713 1608 883 1674 societatem3
935 1604 1059 1661 sacerdos
1069 1604 1222 1675 provinciae,
1231 1620 1282 1678 pro
1290 1621 1386 1679 maqqo
1399 1607 1447 1663 fuit
1460 1616 1490 1673 ιιι
1499 1625 1609 1678 munera
1621 1597 1730 1690 edere,

97 1696 281 1754 rerurnctiam
295 1705 403 1767 propter
421 1695 620 1766 adipiscendam
640 1696 828 1765 sempiternam
842 1710 885 1751 sa·
936 1703 1127 1766 senatoresque
1142 1696 1151 1729 ¹
1168 1697 1287 1766 vestiret,
1299 1706 1327 1755 et
1340 1713 1388 1769 pro
1400 1707 1486 1755 statua
1499 1699 1549 1755 slbi
1564 1700 1724 1775 apodemu-

97 1787 189 1853 lutem,
203 1796 231 1842 et
246 1785 400 1857 sempiterni
412 1784 549 1856 eujusdam
563 1785 651 1856 populi
664 1784 801 1840 coelestem
814 1782 885 1839 diri«
936 1799 979 1845 ses
991 1786 1003 1818 ¹
1015 1784 1145 1855 locanda,
1161 1801 1193 1843 er
1209 1801 1261 1858 qua
1273 1787 1379 1844 civitate
1394 1787 1508 1844 babebat
1522 1805 1631 1851 uxorem
1645 1830 1653 1856 ,
1673 1774 1729 1860 ael-2

97 1893 212 1948 namque
229 1876 436 1946 rempublicam,
454 1875 497 1932 cui
515 1889 565 1931 uos
578 1876 650 1932 eires
668 1874 792 1931 adsciscit
808 1873 884 1942 tides,
935 1865 1029 1930 uersus
1046 1874 1281 1932 contradictionem
1294 1875 1469 1947 quorumdam
1481 1877 1579 1933 cisium
1592 1879 1726 1949 litigaret?

97 1984 169 2039 spes,
185 1969 304 2024 ebaritas
318 1986 325 2024 ε
340 1976 369 2023 ut
380 1967 505 2040 quamdiu
519 1966 580 2023 iude
591 1968 802 2039 peregrinamur,
817 1965 887 2022 fera·
935 1963 1005 2034 quod
1024 1973 1147 2035 posteros
1163 1980 1198 2022 ne
1219 1965 1334 2033 lateret,
1357 1965 1477 2037 ejusdem
1500 1967 1555 2025 litis
1577 1970 1726 2027 ouationem

98 2074 159 2114 mus
171 2072 219 2115 eos
227 2058 250 2113 si
261 2059 395 2128 corrigere
409 2071 461 2112 nou
473 2057 603 2124 valemus,
614 2055 659 2127 qui
668 2056 739 2112 uitiis
751 2054 886 2126 impunitis
936 2057 1061 2126 scriptam
1075 2057 1213 2113 memoriae
1224 2056 1429 2114 commendarit.
1440 2056 1518 2125 Quod
1527 2073 1591 2129 emo
1602 2059 1636 2116 ad
1648 2060 1725 2116 istam

98 2147 192 2202 uolrrnt
201 2154 272 2202 stare
283 2145 492 2216 rempublleam,
512 2160 591 2216 quarn
605 2144 682 2215 primi
695 2144 884 2200 ltomanicon·
937 2154 1070 2203 terrenam
1085 2149 1200 2218 pertinet
1220 2147 1390 2217 felicitatem,
1414 2147 1463 2206 fuit
1484 2165 1578 2222 magus
1598 2151 1725 2221 illeqrmt

98 2235 242 2290 stituerunt
256 2242 440 2304 auxeruntque
453 2233 612 2299 virtutibus,
627 2233 677 2288 etsi
692 2247 746 2287 non
757 2231 886 2289 babentes
937 2236 1022 2305 potuit
1036 2236 1057 2290 ¹.
1073 2237 1149 2293 Unde
1163 2248 1273 2310 apparet
1287 2253 1348 2294 eum
1363 2237 1429 2293 nibil
1440 2238 1552 2309 amplius
1563 2238 1654 2308 fuisse,
1670 2257 1726 2309 uoq

58 2387 65 2400 .
97 2340 188 2381 ueram
208 2325 333 2396 pietatem
352 2337 414 2394 erga
430 2324 513 2380 licum
532 2338 641 2389 rerum,
664 2338 722 2393 qum
735 2323 794 2378 illos
806 2322 886 2379 ctiam
936 2326 996 2396 quia
1011 2326 1104 2394 noluit,
1119 2327 1166 2382 scd
1179 2328 1301 2398 quianon
1313 2327 1409 2398 potuit,
1422 2327 1577 2400 Quanquam
1587 2337 1615 2384 ct
1628 2328 1712 2393 adver

97 2419 125 2473 iu
147 2425 274 2471 aternam
292 2416 425 2472 ciriurteru
446 2423 537 2485 posset
556 2413 655 2469 salubri
674 2414 800 2484 religione
823 2428 886 2485 per·
937 2429 983 2472 sus
997 2416 1136 2486 quosdam,
1152 2416 1196 2487 qui
1208 2416 1233 2472 ci
1248 2417 1409 2488 magicarum
1420 2418 1515 2472 artium
1526 2419 1627 2482 crimen
1640 2418 1728 2484 inteu-¹

96 2507 211 2572 dueero;
236 2505 418 2562 custodientes
442 2512 530 2561 manen
552 2503 694 2576 quamdam
717 2503 760 2560 sui
782 2502 887 2574 generis
938 2505 1050 2572 derant,
1066 2505 1466 2575 eloquentissimesedcfeudit.
1481 2505 1556 2563 Unde
1570 2508 1654 2564 miror
1668 2509 1727 2569 lao-¹

97 2597 265 2667 probitatem,
279 2610 338 2666 quae
350 2602 439 2666 posset
451 2603 563 2651 terreum
572 2594 670 2649 civitati
684 2593 885 2661 constituendae,
937 2595 1044 2657 datores
1057 2595 1132 2666 ejus,
1155 2597 1200 2667 qui
1219 2610 1281 2652 eum
1302 2597 1393 2653 nescio
1412 2613 1472 2668 quaa
1491 2597 1587 2656 fecisse
1600 2600 1727 2657 miracula

96 2686 245 2759 auqcudae,
267 2684 509 2759 conservandaeque
527 2684 660 2741 sulficere.
680 2685 750 2740 bears
763 2684 834 2742 euim
848 2685 888 2741 sic
938 2687 992 2746 illis
1003 2687 1105 2743 artibus
1120 2687 1273 2756 pradicant,
1284 2697 1376 2744 contra
1384 2689 1441 2759 cius
1449 2689 1630 2746 defensionem
1646 2701 1728 2747 testes

98 2778 214 2834 ostendit
228 2777 255 2833 iu
267 2775 471 2848 opulentissimo
485 2784 512 2833 et
521 2775 648 2847 praeclaro
663 2775 774 2846 imperio
789 2776 884 2831 ftoma-
938 2790 998 2831 esse
1007 2774 1107 2830 conari.
1122 2774 1175 2832 Sed
1186 2775 1301 2832 uiderint
1312 2786 1400 2833 utrum
1412 2792 1503 2833 uerum
1512 2777 1562 2849 ipsi
1573 2778 1729 2849 perlribcaut

100 2884 205 2935 nurum,
216 2875 342 2940 quantum
357 2868 476 2926 ualerent
485 2867 577 2925 ciuiles
588 2867 667 2926 etiam
680 2866 738 2923 sine
751 2881 813 2922 nera
826 2866 889 2923 reli·
906 2910 909 2917 .
939 2866 1118 2927 testimoninm
1131 2904 1140 2934 ,
1162 2873 1189 2923 ct
1202 2866 1245 2923 ille
1258 2867 1350 2923 falsam
1363 2866 1555 2924 defensionem.
1571 2868 1635 2924 ltlud
1651 2870 1674 2925 si
1687 2861 1730 2925 sass

98 2959 176 3030 qiouc
189 2958 309 3024 virtutes,
325 2966 353 3013 ιιι
367 2956 558 3028 intelligeretur
568 2957 617 3012 bac
631 2956 718 3012 addim
731 2955 788 3012 ficri
803 2955 888 3012 laomi·
938 2959 1032 3029 piuat,
1045 2958 1203 3027 attondant,
1221 2959 1266 3030 qui
1280 2959 1397 3030 magicas
1411 2969 1484 3016 artcs
1505 2974 1558 3016 non
1572 2963 1663 3032 utique
1675 2961 1728 3017 nisi

99 3065 148 3106 nes
161 3051 231 3106 ciues
243 3050 351 3106 alterius
361 3048 484 3113 ciuitatis,
496 3047 743 3118 cujusrexreritas,
759 3047 834 3118 crrjrrs
844 3048 887 3106 lea
938 3063 990 3119 pro
1011 3048 1135 3110 felicitate
1155 3056 1260 3106 terrena
1279 3048 1320 3105 rel
1336 3048 1480 3105 damnabili
1493 3052 1647 3107 curiositate
1661 3065 1729 3108 eorr-

95 3140 232 3204 allartus,
247 3139 321 3209 cujus
335 3137 429 3195 numius
444 3138 589 3194 aeternitas.
938 3139 1064 3208 quirunt,
1077 3137 1119 3194 rel
1131 3139 1165 3194 ab
1176 3139 1217 3194 eis
1229 3139 1398 3205 innoeentes,
1420 3142 1566 3212 periculosa
1580 3150 1668 3198 tanuen
1682 3156 1730 3211 aas

133 3229 246 3287 carol
259 3229 302 3286 lv.
319 3257 355 3271 -
369 3229 411 3287 18.
423 3227 635 3297 erisantemrel
647 3228 703 3287 risu
716 3229 823 3302 dignum
834 3245 886 3287 non
938 3229 1115 3286 admiratione
1132 3229 1300 3295 collaudant,
1324 3238 1352 3285 ct
1370 3230 1477 3286 rideant
1499 3233 1579 3289 bario
1604 3240 1727 3304 nostrum

98 3334 191 3397 putet,
215 3323 283 3394 quod
309 3321 477 3392 Apollonium
499 3331 527 3378 et
548 3321 705 3391 Apuleium,
725 3333 888 3394 eaterosquc
938 3319 997 3375 siue
1017 3318 1078 3376 ullis
1097 3319 1193 3374 talibus
1213 3319 1330 3386 artibus,
1355 3335 1386 3375 ex
1401 3328 1507 3390 pastore
1521 3323 1609 3377 orium
1629 3337 1727 3398 pcrrc7

44 3465 49 3473 ,
98 3413 368 3486 raraqicarumartium
385 3411 559 3482 peritissimos
572 3409 695 3466 conferre
709 3410 832 3478 Claristo,
846 3414 888 3468 rel
939 3407 1057 3463 nissead
1072 3408 1172 3478 regiam
1186 3407 1358 3478 dignitatem
1377 3408 1615 3480 cujutctpeccata
1629 3420 1729 3482 otmar·

99 3508 179 3564 ctiam
198 3503 326 3576 praeferre
339 3502 490 3558 corrauturi
503 3501 657 3573 eranquam
673 3502 835 3558 tolerabilius
848 3503 887 3559 fe·
938 3495 989 3552 ιὶῑι
1003 3494 1090 3551 sstleffs
1104 3495 1240 3566 Scriptum
1259 3510 1311 3551 000
1327 3495 1424 3561 iaculi,
1440 3506 1470 3551 ut
1486 3498 1615 3568 ”iremus
1629 3502 1732 3580 etqui,-

98 3598 211 3656 rendum
224 3597 277 3663 sit,
298 3593 405 3664 quando
419 3593 484 3649 istos
497 3593 522 3648 ei
543 3593 629 3663 potius
641 3602 795 3663 corruperant
808 3610 888 3664 quam
938 3589 989 3645 bus
1002 3589 1088 3646 modis
1105 3605 1159 3645 uon
1180 3588 1361 3648 offenderetur
1375 3592 1462 3660 licus,
1482 3601 1511 3658 et
1530 3592 1627 3665 quibus
1641 3593 1730 3666 orodis

98 3689 163 3745 deos
178 3701 240 3743 suros
255 3702 262 3741 ε
279 3684 361 3740 multo
377 3683 448 3739 enirn
467 3683 579 3750 melior,
599 3682 670 3754 qaod
691 3683 823 3739 fatendum
836 3694 887 3752 est,
939 3678 1089 3750 placaretur
1102 3679 1229 3735 offirrrsus.

101 3777 259 3850 Apollonius
284 3775 351 3839 luit,
375 3788 452 3845 quam
468 3782 506 3829 tot
519 3782 669 3844 stuprorum
683 3783 775 3828 auctor
787 3781 813 3828 et
826 3789 889 3844 per·
974 3768 1021 3824 ιι).
1035 3766 1169 3835 Qarantum
1181 3778 1270 3825 autem
1285 3769 1381 3827 attinet
1393 3772 1426 3827 ad
1438 3773 1583 3841 miracula,
1605 3790 1664 3846 qure
1679 3774 1727 3832 bu,-

100 3877 237 3941 petrutor,
251 3881 328 3937 quem
341 3865 435 3921 forem
454 3864 601 3919 nominant.
618 3863 685 3929 lsta,
699 3864 831 3934 inquiunt,
848 3863 888 3920 fa·
939 3860 1026 3917 manis
1036 3861 1158 3915 sensibus
1169 3859 1298 3931 stupenda
1313 3871 1502 3931 monstrantur,
1515 3864 1626 3919 multum
1636 3873 1729 3920 errant

100 3958 192 4015 bulosa
204 3966 276 4013 suut.
294 3954 388 4011 Adbuc
400 3968 464 4026 crgo
477 3952 585 4008 laudent
602 3953 754 4023 reipublicae
767 3952 887 4009 luxurio·
939 3951 984 4021 qui
1000 3950 1141 4022 Prophetis
1155 3952 1264 4020 sanctis,
1280 3951 1466 4017 criniculorum
1479 3969 1633 4026 magnorum
1652 3955 1728 4025 ιιιιιιι·

101 4064 177 4116 sam,
197 4046 381 4111 licentiosam,
401 4045 531 4116 planeque
549 4044 703 4115 sacrilegam
724 4041 886 4111 felicitatem,
940 4043 1015 4098 litate
1028 4041 1226 4112 praestantibus,
1239 4056 1329 4114 magos
1341 4053 1514 4113 comparant3
1527 4052 1627 4114 quiante
1641 4045 1728 4113 ruaqis

98 4156 159 4212 qum
173 4139 222 4196 ista
235 4138 345 4195 deorum
360 4136 454 4208 probra
469 4135 606 4202 condierit,
621 4152 682 4208 quae
693 4151 746 4192 nou
758 4136 844 4192 solarm
859 4136 887 4193 in
939 4133 962 4190 si
974 4148 1022 4191 eos
1032 4131 1314 4205 commmenthristo,
1328 4148 1407 4204 quem
1418 4134 1557 4206 Prophetae
1571 4134 1618 4200 illi,
1631 4134 1730 4204 quibup

99 4231 193 4287 fabulis
217 4228 349 4285 audienda
377 4228 485 4298 posuit,
511 4225 704 4283 verumetiam
727 4226 753 4281 in
778 4226 887 4283 tlrmtris
938 4223 1006 4295 magi
1019 4223 1128 4293 quilibet
1140 4222 1213 4279 nulfo
1227 4221 1307 4277 modo
1318 4232 1380 4278 suut
1393 4223 1576 4294 comparandi,
1597 4238 1725 4292 praenun-

99 4319 242 4393 spectanda
256 4319 409 4391 proposuitr
423 4317 469 4372 ubi
490 4314 601 4372 crimina
616 4316 691 4386 plura
705 4325 794 4372 essent
807 4331 886 4386 quam
939 4314 1070 4376 tiaseruut
1081 4327 1140 4368 esse
1154 4323 1306 4378 uenturum,
1322 4312 1502 4369 etsecaadum
1516 4328 1634 4375 carrum,
1646 4329 1727 4384 quam

100 4409 220 4473 numina,
233 4423 292 4480 quae
305 4406 355 4477 ipsi
368 4405 404 4459 dii
419 4405 469 4460 sibi
482 4405 601 4459 exbiberi
617 4403 749 4460 babebaut
762 4404 885 4471 libenter,
938 4402 1052 4471 sumpsit
1069 4415 1102 4464 er
1117 4401 1246 4472 Virgine,
1268 4411 1296 4458 et
1309 4401 1455 4458 secundum
1475 4401 1659 4466 diuinitatem,
1675 4418 1729 4484 qua

99 4500 185 4573 quiin
201 4513 264 4554 suos
285 4499 401 4554 cultores
422 4494 555 4549 uindicare
575 4494 740 4561 debuerunt,
764 4495 834 4564 quod
855 4510 886 4554 ea
938 4507 1072 4568 nunquam
1095 4501 1234 4562 separatur
1249 4509 1264 4548 a
1278 4493 1375 4549 Patro!
1396 4493 1480 4549 tideo
1494 4508 1537 4548 me
1554 4492 1648 4549 fecisse
1662 4511 1726 4564 pru·

99 4592 192 4648 saltem
210 4589 329 4644 riderent
352 4585 490 4657 patienter.
515 4584 567 4640 Sed
587 4599 640 4638 non
663 4582 729 4654 ipsi,
754 4583 885 4654 inquiunt,
937 4581 1093 4643 lirissimam
1113 4582 1273 4652 epistolam,
1290 4597 1340 4639 nec
1360 4592 1448 4637 tamen
1460 4581 1495 4637 de
1507 4583 1612 4639 Christo
1626 4583 1727 4640 dixisse

100 4690 172 4744 suut,
184 4679 228 4751 qui
242 4678 332 4734 talium
346 4673 491 4731 fabularum
501 4672 638 4729 mendacio
649 4673 824 4730 celcbmntur.
835 4673 885 4742 Qui
938 4672 1026 4727 omnia
1046 4687 1106 4743 quac
1124 4672 1164 4728 uel
1185 4673 1224 4728 eis
1245 4673 1290 4743 qui
1313 4673 1429 4728 tardiore
1448 4672 1554 4742 ingenio
1567 4673 1656 4728 diuina
1671 4689 1725 4730 nou

99 4787 163 4844 ergo
174 4779 237 4828 sum
254 4769 317 4835 isti,
338 4766 385 4839 qui
400 4765 490 4820 talium
505 4762 694 4834 turpitudinum
707 4764 886 4821 celebratione
937 4762 1025 4816 ualent
1042 4762 1157 4831 assequi,
1174 4761 1215 4816 uel
1230 4762 1268 4816 eis
1281 4775 1349 4831 quos
1360 4759 1381 4828 ⁸,
1395 4761 1456 4816 licet
1470 4772 1546 4816 acute
1557 4775 1725 4832 aroucautur,
1760 4763 1766 4798 ¹

100 4862 258 4934 placanturf
283 4861 383 4916 llorum
406 4857 557 4913 daurouum
585 4855 785 4925 peruersitatem
807 4859 886 4927 atque
936 4852 1131 4921 contentiosum
1146 4859 1233 4906 tamen
1242 4850 1357 4905 studium
1367 4860 1393 4905 et
1406 4852 1598 4921 praeoccupatio
1608 4851 1726 4907 diuturni

100 4951 426 5023 f;,112052m‚perqrroser
442 4945 887 5018 uragieaearteslrumanasmenres
936 4940 1035 4996 erroris
1055 4939 1090 4995 ab
1108 4938 1278 5011 intelligendo
1294 4940 1420 5011 impedit,
1441 4941 1724 5016 sufficereutcumque
1757 4955 1768 5018 g
1869 4946 1877 4953 ”

102 5041 259 5114 decipiunt,
282 5041 344 5111 quia
366 5036 480 5108 prodidit
502 5034 643 5090 christiana
664 5033 800 5101 doctriua,
825 5036 885 5106 quia
968 5069 1041 5119 ,M
1054 5075 1080 5121 et
1098 5073 1146 5131 ff,
1159 5073 1351 5133 mmmmm
1370 5070 1472 5123 met
1483 5073 1529 5122 sed
1541 5074 1622 5124 wius
1632 5081 1687 5125 mv.
1701 5085 1727 5131 m

99 5133 200 5190 mondo
219 5131 343 5186 urriverso
359 5127 498 5199 patefecit,
519 5126 579 5196 quia
594 5125 707 5196 sugerus
728 5136 834 5180 sanctos
852 5127 886 5181 ab
937 5130 1255 5202 rtss.,rerrntorerque,·illos
1266 5128 1431 5206 uidelicetqut
1442 5134 1728 5209 seseiuiisexercetrant

99 5237 192 5280 eorum
208 5221 367 5292 rrraliqnitatc
379 5216 588 5361 distinxit,dquia
606 5215 845 5360 cataseudosbpotiug,
859 5226 887 5319 et
937 5189 1727 5327 ffffl'f'ddr'rffrldaessffissffifflffifflsgduffinqedqflretofflbf:

97 5310 511 5471 tl·ulttlutulu
530 5320 896 5466 trituraturis
937 5313 1740 5446 :taurianensemsuerranum.

97 5490 252 5564 temporalis
264 5489 406 5546 obtinenda
420 5488 547 5554 felicitas,
560 5487 687 5558 quaelibet
701 5488 787 5556 potius
800 5487 886 5544 lucrat
936 5436 1173 5561 attprhllmsmuffiffi*
1185 5504 1294 5548 omme,
1306 5495 1348 5546 pur
1359 5498 1481 5562 quinque,
1493 5507 1602 5552 oum
1613 5503 1727 5564 mmm.

98 5579 386 5652 narrationemque.
411 5578 463 5636 seu
479 5592 565 5648 neque
583 5576 645 5632 urire
660 5577 729 5634 oeus
743 5577 825 5632 aaron
838 5577 885 5634 aa·
937 5564 1349 5683 sfttffp,‚ffi„„,„„„„·
1359 5619 1633 5689 „mmm
1642 5625 1729 5691 m

98 5671 195 5743 uitari,
215 5670 259 5743 qui
273 5669 386 5743 primum
406 5669 530 5741 populum
545 5683 624 5723 unum
636 5683 728 5724 rerum
744 5668 826 5724 boum
838 5683 885 5726 eo·
970 5678 1080 5731 ‘omncs
1090 5679 1156 5744 coo,
1170 5691 1219 5744 qur,
1231 5680 1324 5745 absque
1335 5679 1408 5733 dublo
1418 5689 1543 5756 corrupte,
1573 5692 1603 5744 ιι.
