3906 6390
154 290 207 348 675

156 402 226 459 tibus
239 401 342 473 gregis,
358 398 382 454 id
395 409 436 455 est
449 396 581 468 hpostolis
599 396 654 452 suis
669 394 795 450 Dominus
806 393 895 458 dedit,
909 402 938 446 ut

156 495 334 563 unusquisque
345 491 398 544 lico
408 489 477 543 dicat
489 506 496 543 :
507 486 686 540 Dinritteuobir
695 485 775 539 debita
783 492 878 548 norma,
887 482 938 536 sie·

155 593 183 637 at
195 593 218 636 et
227 598 273 636 nor
282 580 428 634 dimittimus
440 578 589 632 debitoribus
608 576 700 630 nortria
717 574 820 645 (Mattio.
831 588 868 637 rr,
881 571 937 640 li).

153 673 202 730 Cui
217 673 287 729 euim
301 672 359 726 baec
371 670 397 725 in
418 672 537 725 oratione
551 667 630 722 rerba
648 665 797 722 necessaria
813 680 864 718 nnn
879 663 937 720 iue-

153 763 216 830 rim,
230 763 286 833 ipse
301 761 344 817 hic
356 761 414 816 sine
428 768 537 830 peccato
555 759 643 813 rivere
661 755 869 827 pronuntiandus
886 764 936 809 est.

152 851 250 918 Quales
259 851 281 905 si
290 844 804 920 aliquosiuturoabaminospresideret,
816 844 939 899 meliores

152 942 243 1012 utique
261 955 340 1012 quam
354 936 577 1007 exstiteruntejus
597 935 731 1006 Apostoli,
747 934 824 988 aliam
842 933 940 988 oratio·

151 1047 212 1088 nom
228 1032 287 1087 illos
297 1031 415 1095 doceret,
431 1043 481 1099 qua
496 1043 547 1083 non
567 1034 689 1098 peterent
705 1026 801 1082 dimitti
816 1025 864 1080 sihi
878 1039 939 1095 pec-

151 1132 222 1188 cata,
235 1122 330 1192 quibus
343 1120 369 1174 in
382 1120 516 1189 {baptismo
528 1119 630 1173 lucrant
648 1117 736 1173 omunia
750 1116 805 1188 jam
818 1116 937 1171 dimissa.

152 1213 217 1268 Nam
232 1212 254 1266 si
275 1211 365 1266 Daniel
378 1219 499 1276 sanctius,
512 1223 566 1264 non
584 1223 673 1263 coram
692 1207 843 1263 bominibus
864 1205 937 1278 quasi

153 1302 301 1359 bumilitate
312 1300 413 1367 taillaci,
426 1299 472 1355 sed
486 1313 575 1354 coram
589 1299 660 1365 beo,
677 1296 756 1353 idest
776 1297 803 1352 in
819 1297 939 1351 oratione

153 1408 204 1464 qun
220 1393 301 1447 licum
317 1390 482 1460 precabatur,
497 1403 550 1444 non
565 1388 649 1443 solum
664 1398 770 1459 peccata
784 1387 872 1458 populi
886 1387 936 1452 sui,

153 1484 199 1539 scd
212 1483 290 1538 ctiam
302 1496 348 1536 sua
364 1481 548 1546 conbtebatur,
559 1480 626 1543 sicut
638 1479 695 1550 ejus
707 1495 753 1535 ore
766 1479 881 1535 reridico
892 1494 939 1535 ex-

154 1590 274 1646 pressum
288 1584 327 1629 cst
339 1573 464 1647 (danielis
477 1573 585 1643 rx‚2ti);
603 1571 668 1627 nihil
678 1571 747 1627 aliud
758 1571 822 1626 mihi
836 1570 939 1626 ridetur

153 1665 295 1721 dicendum
308 1664 375 1725 istis,
391 1663 440 1718 nisi
456 1661 525 1733 qnod
541 1676 587 1731 per
600 1661 755 1731 prophetam
770 1660 936 1715 Ezechielem

153 1755 256 1810 cuidam
274 1754 389 1824 superbo
408 1753 533 1806 Dominus
554 1750 681 1804 nrandat:
698 1748 829 1821 Numquid
846 1757 874 1805 ta
893 1766 936 1804 rn-

154 1844 261 1916 pientior
273 1859 298 1898 er
311 1859 386 1914 quam
400 1839 492 1895 Daniel
503 1839 606 1913 (liseria.
623 1854 719 1901 xxrtu,
734 1837 783 1911 illi

188 1935 214 1990 5.
230 1932 283 1989 Sed
299 1933 375 2002 plane
389 1931 433 2002 qni
445 1928 625 1985 misericordia
639 1929 684 1984 bei
698 1928 802 1998 adjutus
816 1936 842 1982 ct
853 1928 938 1998 qratia

152 2041 181 2082 se
192 2025 225 2080 ab
238 2024 276 2079 eis
292 2022 406 2093 peccatis
425 2020 581 2075 abstinuerit
599 2032 659 2089 quae
673 2018 752 2073 ctiam
766 2017 874 2073 crimina
889 2032 937 2072 ro-

151 2125 253 2180 cautur,
267 2121 346 2184 atquc
360 2112 404 2166 illa
420 2119 526 2182 peccata
540 2109 599 2164 sine
609 2107 703 2179 quibus
716 2123 768 2161 non
778 2106 936 2175 hicriritnr,

152 2205 281 2263 mundare
302 2203 426 2274 operibus
447 2200 635 2257 misericordiae
653 2209 679 2256 el
699 2199 749 2271 piis
776 2201 938 2256 orationibus

153 2313 205 2353 non
228 2294 388 2367 neglexerit,
403 2292 548 2348 merebitur
566 2290 628 2346 binc
648 2291 722 2346 exire
746 2290 803 2346 sine
818 2300 936 2361 peccato,

152 2387 272 2459 quamuis
286 2403 344 2441 cum
359 2385 401 2440 bic
420 2384 520 2440 rirerct
533 2382 650 2439 habuerit
671 2382 795 2437 nonnulla
810 2393 935 2452 peccata;

153 2479 214 2549 quia
228 2478 296 2533 sicut
308 2477 357 2530 ista
370 2490 422 2529 non
435 2471 585 2537 defuerunt,
600 2473 635 2526 ita
650 2472 729 2527 eliam
745 2472 860 2527 remedia
878 2472 937 2542 qui-

154 2567 203 2622 bus
215 2572 398 2636 purgarentur,
409 2563 550 2618 abuerunt.
564 2561 687 2631 Quoia-quis
699 2570 798 2626 autem,
809 2563 857 2616 bac
868 2562 939 2616 rclut

154 2657 292 2710 occasione
310 2662 454 2723 comperta,
465 2666 525 2707 cum
539 2650 651 2707 audierit
664 2652 795 2707 neminem
809 2650 853 2707 luc
865 2652 936 2706 arbi·

155 2835 309 2890 criminibus
330 2831 436 2887 neiariis
450 2830 612 2901 obligaverit,
626 2839 704 2901 atqcue
717 2831 742 2884 in
759 2831 800 2885 bis
812 2832 937 2885 crimino-

156 2926 192 2979 sis
205 2923 441 2992 consceleratisque
456 2921 572 2975 moribus
587 2922 708 2990 usquein
723 2919 792 2975 diem
807 2935 884 2977 suum
895 2923 937 2976 ul·
953 2931 956 2934 ’

157 3016 249 3069 timum
269 3013 462 3084 perduraverit,
478 3011 606 3082 quaslibet
627 3012 695 3066 intcr
719 3011 776 3067 liae
791 3012 938 3086 eleemosy-

157 3122 204 3162 nas
216 3105 304 3172 iaciat,
315 3117 341 3160 ct
354 3103 494 3160 infeliciter
504 3103 577 3158 ducit
591 3102 680 3168 uitam,
692 3112 719 3157 ct
729 3101 858 3158 infelicius
871 3103 937 3159 llrrit.

190 3195 302 3252 CAPUT
313 3194 343 3251 ll.
357 3226 392 3236 -
402 3196 428 3251 i.
448 3193 500 3251 Scd
514 3193 556 3249 isti
572 3204 713 3262 utcumque
726 3193 854 3250 tolerandi
867 3209 937 3262 snm,

155 3288 261 3361 qnando
274 3288 364 3343 dicum
375 3288 417 3342 rcl
431 3301 490 3342 esso
502 3285 545 3340 rcl
559 3284 639 3341 luisse
650 3284 693 3339 bic
706 3285 829 3355 aliquem,
844 3297 940 3356 prater

160 3396 239 3435 arrum
252 3379 376 3436 Sanctum
391 3386 554 3445 structorum,
569 3376 613 3448 qui
625 3376 724 3431 nullum
735 3375 844 3434 baberet
853 3380 939 3433 omui·

157 3487 192 3527 nn
203 3479 349 3545 peccatum.
362 3469 426 3524 lllud
439 3483 501 3524 uera
513 3467 581 3538 quod
592 3467 692 3532 dicunt,
704 3466 825 3525 subicere
840 3468 940 3524 homini

157 3563 266 3617 liborum
285 3560 407 3615 abitrium
434 3557 467 3614 ad
491 3557 621 3613 dominica
647 3566 776 3627 precepta
795 3559 939 3628 implenda,

156 3651 259 3709 etiamsi
279 3651 324 3706 liei
345 3649 427 3720 qratia
442 3657 469 3704 et
487 3648 601 3718 Spiritus
619 3647 702 3702 sancti
721 3648 792 3704 dono
808 3649 841 3703 ad
859 3664 940 3720 opera

157 3749 225 3816 bona
244 3758 296 3799 non
308 3741 461 3812 adjuretur,
477 3739 584 3794 omnino
599 3738 871 3794 anathematizandum
888 3748 937 3806 est,

158 3841 186 3888 et
206 3831 327 3886 orionibus
351 3828 574 3883 exsecrationibus
593 3827 787 3882 detestandum.
806 3828 855 3897 Qui
870 3830 940 3885 enim

158 3921 209 3975 boc
229 3927 364 3986 asserunt,
378 3933 393 3972 a
407 3921 490 3988 gratia
504 3917 549 3972 liei
563 3918 668 3988 penitus
688 3917 767 3973 alieni
789 3928 866 3985 sunt;
880 3920 941 3991 qnia

158 4013 300 4084 iquorauter
313 4008 504 4080 bertinianum,
513 4009 582 4062 sicut
595 4008 628 4062 de
641 4005 813 4063 Jrulacisdicil
829 4010 942 4080 Aposto-

161 4105 217 4168 lus,
229 4111 250 4157 et
268 4117 339 4157 suain
357 4101 464 4156 solariter
482 4101 639 4164 constituere,
648 4099 754 4170 iustitiae
763 4098 811 4154 Dei
822 4117 871 4156 riou
883 4112 941 4157 sarit

157 4192 260 4265 rubjecti
274 4191 367 4263 (Rani.
380 4206 407 4256 x,
428 4187 481 4264 bi:
498 4189 633 4259 plenitudo
646 4190 742 4260 quippe
755 4189 821 4261 legis
836 4207 887 4246 nou
901 4201 942 4247 est

157 4283 209 4340 uisi
221 4282 335 4358 charitas
345 4279 400 4352 (id.
414 4295 472 4346 xm,
484 4280 546 4352 tb);
559 4287 587 4336 et
599 4280 689 4351 utique
703 4280 817 4336 clraritas
828 4281 875 4337 lici
888 4281 941 4336 dil-

158 4378 215 4441 tusa
229 4384 270 4431 cst
284 4375 310 4427 in
328 4373 452 4429 cordibus
466 4371 579 4437 nostris,
599 4386 652 4426 uon
667 4385 714 4441 pcr
729 4372 877 4442 nosipsos,
892 4387 942 4429 ncc

159 4467 257 4522 uiribus
270 4465 384 4537 propria
398 4463 550 4529 voluntatis,
561 4462 607 4517 sed
622 4478 669 4533 per
681 4463 807 4535 Spiritum
821 4474 941 4521 salictum

158 4559 204 4629 qni
216 4557 292 4612 datus
303 4564 345 4610 est
362 4552 438 4609 nubis
451 4550 506 4626 (id.
521 4566 548 4618 r,
559 4550 598 4624 5).

192 4647 221 4704 li.
241 4645 316 4701 Valet
333 4645 420 4713 itaque
439 4642 548 4698 liberum
565 4643 702 4700 arbitrium
715 4644 748 4699 ad
766 4659 845 4715 opera
862 4644 939 4714 bona,

156 4739 179 4795 si
199 4737 323 4793 diuinitus
340 4735 495 4805 adjuretur,
510 4733 580 4805 quod
594 4735 622 4789 it
638 4733 773 4792 humiliter
789 4736 902 4805 petendo
914 4745 942 4793 et

158 4826 296 4884 iacienda:
312 4825 444 4881 desertum
463 4813 530 4879 'rcro
551 4823 641 4902 diuino
662 4825 811 4896 adjutorio,
826 4826 942 4897 qualibet

156 4918 265 4976 scientia
277 4917 342 4989 legis
356 4916 481 4984 enecllat,
491 4916 563 4971 nnllo
574 4916 652 4971 modo
666 4915 772 4972 babebit
778 4916 886 4988 justitia·
898 4933 944 4973 so·

157 5010 303 5066 liditatcm.
317 5006 365 5066 scd
381 5006 540 5061 inbationcm
558 5006 644 5078 impiae
663 5007 793 5075 superbiae
806 5017 833 5062 et
845 5009 941 5065 exitio·

157 5115 216 5156 sam
227 5111 366 5156 tumorem.
381 5098 523 5154 bocetlmc
532 5098 623 5154 cadem
637 5097 693 5168 ipa
705 5098 834 5155 dominica
845 5101 939 5157 oratio.

158 5188 265 5246 Frustra
279 5188 350 5242 crum
365 5196 486 5256 rogantes
505 5187 585 5241 llcmn
600 5187 721 5250 dicinms,
736 5186 778 5242 Ne
790 5205 835 5244 nor
847 5190 962 5260 iuterna·

156 5281 183 5333 ln
195 5279 353 5333 tentationem
365 5276 469 5350 (batti.
481 5292 519 5343 rr,
531 5277 575 5347 lb)
586 5318 594 5342 ,
607 5276 631 5330 si
644 5278 693 5331 boc
706 5277 732 5332 in
746 5286 834 5333 nostra
844 5279 883 5334 sic
895 5296 941 5351 po-

156 5369 284 5425 situurest
293 5376 431 5438 potestate,
441 5375 470 5422 ut
479 5367 551 5422 nullo
559 5366 629 5422 ibius
638 5355 767 5438 adirrtorin
775 5367 800 5422 id
809 5370 941 5426 ualeamus

158 5457 276 5529 implere.
299 5460 400 5515 ilicium
414 5466 454 5515 est
466 5457 547 5525 enim,
561 5455 601 5511 lie
615 5472 659 5511 nor
677 5458 770 5529 inserar
786 5458 812 5511 in
826 5456 941 5514 tentatioss

156 5566 225 5617 sem,
236 5551 306 5621 quot
321 5551 483 5623 intelligitur,
496 5548 535 5605 lic
553 5562 601 5604 uos
617 5547 709 5602 inlcrri
722 5547 897 5620 deserendop
913 5570 940 5608 r·

157 5640 257 5696 mittas.
275 5639 297 5693 F
298 5639 369 5695 idolis
386 5642 450 5696 enim
464 5639 547 5711 bear,
561 5638 595 5694 ait
610 5635 753 5706 trostmar
759 5680 767 5708 ,
777 5638 821 5712 qtu'
834 5667 885 5708 „091
899 5667 942 5708 ω,

766 282 794 340 S.
814 279 993 338 rtbcbsatltt
1014 278 1164 336 bctscoet
1190 286 1193 292 '

1750 280 1848 349 bib¹

991 392 1113 461 pmrrittet
1126 392 1215 446 terunrr'
1229 409 1304 461 supra
1318 392 1345 446 id
1358 391 1424 462 qarod
1437 391 1559 460 potestis.
1574 388 1625 445 aed
1646 390 1729 461 pacta
1742 407 1798 447 cam

990 482 1124 536 teumtioae
1138 482 1213 534 etiam
1226 482 1335 549 exitum,
1348 491 1373 534 ut
1387 481 1488 550 possitis
1506 480 1645 535 sustinere
1657 477 1760 548 (lCor.
1770 496 1797 536 ι.

991 570 1039 642 ta)
1052 587 1059 624 a
1073 570 1163 641 utquid
1179 571 1229 627 boc
1239 571 1306 626 dixit
1320 572 1401 626 Mum
1414 569 1509 631 iacere,
1525 570 1550 624 si
1567 569 1623 624 boc
1637 569 1704 625 sine
1715 569 1799 640 ipsius

990 661 1120 731 adjutorio
1135 663 1161 717 in
1179 662 1234 716 sola
1247 672 1335 716 nostra
1347 670 1388 717 cst
1402 661 1554 732 potestate?

1025 752 1051 808 6.
1071 752 1136 808 Nam
1147 753 1237 823 etipsa
1251 753 1292 808 lor
1307 753 1333 807 in
1346 754 1396 807 hoc
1411 752 1575 822 adiutorium
1589 752 1663 808 data
1685 763 1730 808 est
1745 754 1798 811 illis

990 843 1035 914 qui
1048 843 1205 914 ealcqitime
1217 852 1335 909 utuntur,
1351 852 1380 899 ut
1391 859 1438 914 per
1458 843 1530 898 illam
1545 844 1655 912 sciant,
1670 845 1716 902 rel
1735 848 1798 915 quib

988 933 1097 1004 justitia
1108 934 1163 1003 jam
1178 933 1338 1004 acceperint,
1359 934 1430 989 unde
1440 933 1541 1003 gratias
1550 942 1651 1005 agant,
1663 934 1711 990 rel
1734 938 1798 1006 quid

990 1023 1077 1079 adbuc
1090 1025 1131 1079 eis
1142 1024 1219 1089 desit,
1232 1025 1301 1094 quod
1318 1025 1445 1078 instanter
1458 1032 1559 1094 petant
1571 1023 1630 1091 Qut
1647 1034 1744 1082 arrum
1758 1030 1796 1084 ric

990 1112 1101 1168 audiunt
1111 1112 1181 1182 quod
1192 1113 1229 1166 ait
1243 1113 1295 1178 lex,
1309 1111 1369 1166 Noa
1381 1113 1542 1181 correspirees
1556 1111 1665 1185 (Exod.
1682 1130 1737 1180 xx,
1754 1118 1794 1183 li,

990 1216 1013 1261 et
1027 1204 1105 1261 idom.
1118 1221 1165 1273 ru,
1182 1205 1220 1276 i),
1236 1216 1265 1261 ut
1274 1206 1324 1261 boc
1334 1206 1395 1277 quia
1409 1205 1561 1269 didicerint,
1584 1205 1725 1263 suilleere
1744 1210 1793 1262 sibi

990 1296 1161 1362 arbitrentur,
1177 1311 1227 1353 uec
1244 1298 1375 1367 adjutorio
1387 1298 1477 1367 qratia
1495 1297 1543 1352 liei
1565 1296 1603 1352 ad
1634 1297 1793 1354 laciendum

989 1387 1060 1457 qnod
1071 1386 1173 1456 jussum
1187 1394 1230 1442 est
1241 1386 1298 1441 dari
1313 1386 1362 1441 sibi
1374 1386 1496 1441 virtutem
1509 1385 1628 1440 credant
1640 1395 1670 1443 ct
1679 1395 1792 1456 pennum

989 1476 1023 1531 ad
1038 1477 1088 1531 hoc
1095 1477 1134 1532 eis
1143 1476 1186 1530 lca
1195 1474 1353 1543 rabintrner't,
1363 1485 1389 1529 ut
1401 1474 1540 1530 abundaret
1551 1475 1681 1530 delictam
1700 1476 1790 1548 (Ram.

989 1583 1016 1632 r,
1029 1568 1094 1638 ib);
1108 1568 1178 1638 qnod
1193 1568 1289 1623 dictum
1302 1576 1343 1624 est
1354 1568 1388 1624 de
1403 1567 1511 1623 ludaeis.
1527 1568 1633 1623 Parum
1657 1570 1735 1625 enim
1752 1582 1793 1626 est

989 1659 1048 1728 qnia
1067 1673 1121 1713 nnn
1135 1658 1245 1728 implent
1265 1658 1334 1729 quod
1356 1658 1482 1730 pracepit
1502 1658 1557 1725 lex,
1574 1657 1642 1713 Nou
1664 1663 1792 1730 eampi-

989 1763 1060 1814 rcer,·
1075 1747 1120 1802 scd
1134 1748 1241 1819 insuper
1254 1748 1417 1818 superbiunt,
1433 1756 1460 1802 et
1474 1748 1632 1817 ignorarues
1645 1748 1696 1803 Dei
1707 1749 1791 1819 iusu-

989 1837 1064 1904 tiam,
1081 1836 1106 1891 id
1116 1845 1156 1891 est
1169 1851 1247 1908 quam
1263 1837 1333 1892 Deus
1342 1837 1387 1892 dat
1399 1837 1443 1907 qui
1459 1835 1592 1908 justificat
1616 1838 1749 1908 impium,
1763 1848 1791 1895 et

989 1941 1064 1984 suam
1072 1931 1189 1985 rolcntcs
1199 1930 1360 1986 constituere
1374 1937 1498 2000 tanquam
1512 1944 1570 1985 saa
1581 1930 1742 1987 voluntatis
1757 1934 1791 1986 ri·

989 2020 1062 2076 ribus
1083 2019 1316 2089 lactam,jrrstitim
1338 2020 1384 2075 bei
1405 2036 1458 2076 non
1475 2029 1539 2076 sunt
1559 2021 1693 2092 subiecti.
1717 2021 1792 2079 Fiuir

989 2109 1055 2163 euim
1065 2107 1256 2178 tepidarium,
1268 2107 1302 2162 ad
1310 2108 1517 2180 jaaritiamomni
1534 2108 1653 2164 credenti
1666 2109 1729 2183 (ta.
1746 2113 1789 2176 tb.

989 2197 1032 2268 l);
1046 2197 1089 2269 qni
1102 2199 1193 2268 utique
1213 2197 1274 2254 ideo
1287 2199 1370 2265 uenit,
1384 2207 1413 2254 ut
1426 2197 1470 2254 ulu
1484 2198 1634 2256 abundarit
1645 2201 1790 2270 delictum,

990 2290 1186 2361 superabundet
1202 2291 1297 2361 pratia.
1308 2290 1358 2347 Cui
1367 2291 1457 2361 gratim
1466 2291 1490 2348 si
1502 2291 1615 2350 iueruut
1624 2295 1733 2353 inimici
1743 2299 1790 2353 ln·

989 2379 1049 2446 daei,
1066 2380 1112 2435 bei
1123 2380 1273 2451 ignorantes
1283 2379 1423 2451 iristitiam,
1446 2389 1474 2437 et
1489 2396 1564 2438 suam
1578 2385 1712 2442 volentes
1724 2404 1790 2444 cen-

990 2474 1114 2540 atitucre;
1124 2488 1207 2545 quare
1218 2485 1280 2528 sum
1291 2482 1319 2530 et
1331 2474 1375 2529 isti
1386 2474 1495 2541 inimici,
1504 2476 1527 2530 si
1541 2475 1643 2533 ineam
1660 2479 1789 2537 credide-

990 2574 1138 2636 runtquem
1157 2564 1195 2620 illi
1207 2565 1376 2620 occiderunt?
1389 2566 1430 2621 hn
1445 2574 1473 2622 ut
1493 2565 1531 2622 illi
1559 2567 1702 2639 accipiant
1719 2586 1786 2641 pra·

990 2656 1082 2724 mium,
1092 2656 1138 2728 qui
1151 2656 1239 2712 occiso
1252 2655 1358 2712 Christo
1369 2671 1444 2712 suam
1458 2656 1624 2728 impietatem
1639 2675 1787 2718 accusare-

990 2758 1061 2814 rum,
1077 2756 1104 2804 ct
1125 2762 1154 2803 se
1168 2748 1238 2802 illius
1251 2748 1344 2818 gratiae
1357 2748 1468 2818 cognita
1481 2749 1682 2817 subdiderunt;
1702 2761 1732 2808 ct
1746 2754 1787 2808 isti

991 2845 1096 2907 portent
1106 2836 1243 2906 judicium,
1256 2837 1300 2906 qui
1315 2836 1389 2892 sicin
1402 2836 1535 2892 Christum
1551 2839 1648 2894 volunt
1658 2842 1785 2908 credero,

992 2934 1021 2982 ut
1034 2926 1092 2996 ejus
1102 2927 1183 2996 ipsam
1198 2926 1308 2995 qratiam
1319 2935 1446 2982 ooncntur
1464 2925 1607 2982 occider-ei

1027 3020 1053 3073 i.
1073 3018 1113 3073 hd
1127 3018 1177 3073 boc
1191 3018 1288 3088 quippe
1302 3017 1328 3072 in
1350 3032 1410 3072 cum
1423 3017 1535 3073 credunt
1559 3019 1606 3087 qui
1623 3028 1700 3076 recte
1723 3037 1782 3076 crc-

991 3108 1067 3175 dunt,
1081 3119 1110 3164 ut
1133 3108 1251 3164 esuriant
1265 3108 1405 3178 sitiantque
1423 3106 1563 3178 justitiam,
1577 3117 1606 3164 et
1619 3110 1682 3180 cius
1700 3113 1781 3181 gratia

991 3209 1153 3257 saturentur.
1171 3197 1258 3253 Omnis
1272 3198 1356 3264 enim,
1369 3198 1437 3252 sicut
1449 3197 1577 3267 scriptum
1590 3205 1644 3265 est,
1659 3200 1706 3269 qai
1717 3202 1785 3254 iarea-

992 3292 1083 3345 carerit
1092 3305 1183 3344 nonren
1196 3287 1401 3354 bomini,raluar
1411 3287 1457 3342 erit
1471 3287 1549 3358 (leel.
1562 3303 1592 3352 u,
1607 3290 1654 3354 3²,
1672 3300 1696 3344 et
1712 3291 1783 3344 Rern.

992 3395 1020 3453 a,
1039 3377 1083 3448 ld)
1101 3392 1174 3433 :uon
1196 3377 1286 3447 utiquc
1305 3377 1390 3432 salute
1404 3376 1533 3446 corporis,
1549 3392 1629 3447 quam
1645 3379 1723 3433 ruuiti
1738 3379 1784 3432 ba·

992 3470 1056 3528 beru
1071 3469 1154 3539 etqui
1170 3483 1223 3524 non
1236 3468 1360 3523 invocant
1373 3482 1468 3522 nornen
1484 3466 1608 3532 bomiui;
1624 3468 1672 3523 sed
1685 3470 1728 3524 illa
1743 3484 1783 3524 sa-

993 3561 1047 3617 lute
1059 3561 1156 3631 dcqua
1170 3562 1226 3631 lpse
1238 3559 1312 3624 dicit,
1329 3558 1388 3613 Nou
1404 3567 1438 3612 est
1450 3574 1513 3628 opas
1527 3558 1597 3629 sarcis
1607 3560 1731 3626 predicar,
1742 3560 1784 3615 red

992 3652 1187 3724 egrotantibus:
1201 3651 1299 3721 etquid
1313 3649 1418 3713 dixerit,
1428 3644 1624 3720 consequenter
1633 3667 1781 3722 exponens,

995 3744 1054 3798 Non
1064 3743 1129 3810 reni,
1146 3741 1241 3813 inquit,
1256 3758 1344 3797 rorare
1353 3743 1448 3813 justor,
1460 3741 1505 3795 red
1519 3752 1664 3812 peccatores
1677 3744 1781 3815 (birris.

994 3849 1034 3901 rx,
1046 3835 1089 3900 li,
1104 3831 1159 3905 lb).
1174 3833 1265 3888 iustos
1278 3847 1340 3904 ergo
1360 3847 1457 3900 sauros,
1472 3841 1626 3902 peccatores
1639 3847 1730 3891 autera
1742 3834 1783 3891 di·

993 3926 1031 3980 xit
1043 3934 1164 3995 aegrotos.
1174 3923 1232 3979 Non
1245 3924 1331 3994 itaque
1345 3923 1379 3978 de
1402 3924 1457 3979 suis
1470 3924 1569 4000 viribus
1588 3936 1736 3996 prasumat
1747 3944 1782 3982 a·

993 4023 1103 4084 protum
1119 4015 1179 4084 quia
1193 4014 1221 4068 in
1232 4013 1400 4069 multitudine
1412 4013 1516 4068 uirtutis
1527 4027 1583 4069 sna
1599 4030 1653 4071 nan
1666 4018 1718 4072 erit
1731 4017 1782 4071 sal·

993 4119 1052 4161 rus
1068 4104 1133 4159 llam
1148 4105 1170 4159 si
1184 4104 1245 4159 indu
1258 4104 1404 4173 praesumit,
1418 4103 1504 4158 rideat
1516 4120 1549 4159 nc
1560 4104 1631 4161 vires
1648 4105 1708 4161 istae
1730 4122 1781 4162 noa

993 4195 1147 4266 sintqualcs
1158 4195 1244 4250 solent
1254 4209 1314 4250 esse
1324 4194 1516 4261 sanorumscd
1527 4196 1618 4265 quales
1626 4197 1782 4254 solentcsse

995 4285 1208 4358 phreneticorum
1223 4302 1230 4337 ι
1243 4286 1357 4356 quicum
1382 4286 1436 4341 sint
1458 4286 1554 4354 insani,
1568 4287 1638 4344 adeo
1652 4304 1684 4344 se
1704 4304 1781 4345 sanos

995 4384 1097 4447 putant,
1110 4381 1140 4430 ut
1153 4389 1202 4431 nee
1213 4376 1344 4430 medicum
1357 4384 1483 4446 quaerant,
1497 4385 1525 4431 et
1539 4388 1664 4448 tanquam
1684 4380 1781 4450 impar·

993 4475 1086 4521 tunnm
1100 4467 1207 4536 insuper
1219 4466 1338 4534 caedant;
1350 4467 1417 4520 sicut
1426 4467 1467 4521 isti
1481 4465 1616 4524 Christum
1632 4469 1726 4525 insana
1735 4486 1780 4525 su-

994 4557 1085 4628 perbia
1095 4555 1289 4628 quodammodo
1303 4555 1417 4622 caedunt,
1437 4556 1512 4627 cujus
1527 4549 1619 4624 amaia
1635 4567 1690 4614 tam
1707 4561 1781 4614 bcui-

993 4662 1072 4718 quum
1097 4645 1256 4716 adjutorium
1270 4644 1304 4700 ad
1328 4644 1473 4700 faciendam
1485 4645 1614 4714 justitiam
1631 4647 1696 4703 dato
1719 4650 1782 4719 legis

995 4749 1128 4811 praecepto
1141 4739 1320 4796 necessarium
1335 4751 1386 4792 non
1396 4751 1457 4793 esse
1469 4738 1644 4794 contendunt.
1654 4738 1782 4796 Desinant

994 4845 1057 4900 erqo
1071 4828 1241 4895 sicinsanire,
1250 4828 1317 4884 etad
1326 4827 1686 4900 hocseintellipautbabcre,
1696 4848 1782 4903 quun·

995 4932 1049 4977 urm
1064 4930 1182 4991 possunt,
1198 4921 1309 4975 liberum
1331 4920 1479 4987 arbitrium,
1495 4935 1548 4976 non
1561 4931 1590 4976 ut
1603 4924 1719 4995 superba
1734 4940 1782 4977 rn-

995 5012 1095 5068 lnntatc
1109 5020 1234 5080 respuant
1247 5011 1416 5080 adjutorium,
1430 5010 1477 5068 sed
1492 5022 1520 5067 ot
1533 5012 1575 5083 pia
1588 5015 1727 5072 voluntate
1742 5017 1782 5072 in·

994 5111 1089 5159 roccrrt
1103 5102 1253 5159 Dominum.

1030 5193 1056 5248 8.
1078 5192 1140 5249 ilaec
1161 5193 1232 5249 enim
1254 5193 1374 5266 noluntas
1400 5193 1482 5250 libem
1507 5201 1581 5250 tanto
1602 5195 1655 5252 erit
1675 5196 1783 5254 liberior

994 5295 1092 5356 quanto
1102 5286 1192 5341 sanior
1204 5302 1211 5341 :
1226 5294 1298 5340 tanto
1308 5297 1396 5340 autern
1407 5286 1506 5352 sanior,
1517 5288 1723 5357 quantodirina
1734 5291 1782 5344 mi·

996 5375 1147 5430 scricordiae
1168 5375 1312 5446 gmriaque
1325 5376 1477 5445 subjectior.
1494 5377 1550 5447 ipsa
1577 5379 1650 5435 enim
1669 5381 1781 5437 fideliter

994 5474 1052 5521 orat
1063 5476 1088 5521 ct
1101 5467 1164 5521 dicit
1177 5464 1288 5521 :itinera
1297 5467 1577 5536 meadiriqesccaudam
1590 5471 1693 5527 rabam
1701 5481 1781 5537 tarrae,

994 5567 1017 5611 et
1031 5557 1208 5611 aedonriaetur
1219 5557 1278 5611 uailri
1288 5557 1492 5625 ontraisiuiqaitur
1500 5555 1586 5630 (Paul.
1598 5574 1694 5629 currit,
1709 5564 1780 5631 lib).

993 5648 1130 5718 Quomodo
1141 5648 1211 5704 enim
1225 5648 1305 5705 libem
1316 5646 1575 5711 mt,cnidmuinatur
1587 5650 1736 5723 iniqnitas?
1749 5652 1783 5710 br
1801 5712 1806 5720 ,
