3906 6390
56 237 97 300 sa

99 244 111 301 ¹
294 338 457 399 urrsross
479 334 550 391 nnn
570 319 644 407 na.

71 464 198 521 l'mslinus
214 458 366 533 dnprrslina,
383 451 510 524 marciatis
524 465 581 505 enm
598 442 715 500 laudibus
732 453 856 495 exornans

106 574 151 630 pro
165 568 272 624 nosseque
284 552 339 623 ejus
353 547 472 602 aduersus
486 539 641 598 Marricltteas
655 534 734 596 libris,
750 547 811 602 quos
826 526 858 582 ab

106 649 198 720 Alppio
208 651 348 717 arreperat.
364 638 461 694 Panem
474 635 523 707 ipsi
537 633 603 687 dono
614 629 699 683 mittit.

72 763 180 817 bairaina
194 756 268 832 pratri
286 753 405 810 nnordna
416 759 440 804 et
452 744 586 803 venerabili
599 743 768 805 Auaussmn,
789 735 858 790 Pnu-

249 860 325 902 atnus
338 853 362 898 el
377 841 513 896 Tuscussss
528 841 678 905 peccatores.

110 963 137 1018 i.
152 960 270 1016 Claritas
287 954 382 1012 Clerisli
399 964 457 1019 asle
475 956 547 1019 nrpet
560 960 621 1008 nos,
642 950 665 997 el
679 939 793 994 cbserucs
806 935 863 991 licet

75 1071 120 1127 prr
131 1053 252 1108 unitatem
260 1048 319 1119 fidel
337 1045 437 1116 allipal,
452 1043 507 1110 ipso
519 1037 640 1108 fiduciam
652 1031 686 1087 ad
698 1041 721 1086 le
736 1025 862 1084 scribessdi

75 1148 172 1221 pudore
188 1142 295 1215 dsprslso
309 1137 425 1211 prestitis
438 1150 448 1189 .·
462 1142 534 1203 terpse
545 1145 589 1201 per
604 1127 700 1181 litteras
712 1131 768 1176 luas
783 1120 864 1174 oisce·

76 1238 145 1293 sibus
153 1234 217 1289 osseis
229 1230 361 1296 intirrsaoit,
376 1242 438 1298 quas
451 1232 476 1279 et
489 1223 521 1277 de
534 1216 690 1276 scholasticis
703 1211 865 1284 facultalibus

79 1327 220 1398 affluentes,
238 1332 261 1376 el
277 1319 311 1375 de
327 1316 464 1374 roelnlibns
477 1313 540 1384 laris
550 1308 645 1374 dulces,
658 1313 685 1361 ut
701 1304 792 1359 animle
805 1314 868 1355 meso

80 1414 188 1471 medicas
202 1421 225 1468 el
239 1410 350 1476 abciees,
363 1408 390 1463 in
404 1408 511 1478 quinque
525 1398 704 1477 librisr'ntesinr
713 1405 794 1459 tenea,
806 1407 868 1460 asos

80 1502 308 1561 recanerebenedieti
320 1510 343 1555 el
356 1497 502 1555 mneabilis
514 1493 583 1549 nobis
596 1488 707 1562 episcopi
716 1485 794 1542 noslri
806 1484 869 1554 elly-

82 1597 127 1668 pii,
142 1613 191 1650 nan
209 1609 255 1664 pro
273 1601 359 1646 nestra
377 1587 659 1646 instructionelantnm,
674 1576 807 1633 sedetiam
823 1590 869 1643 pra

85 1686 203 1741 Ecclesiae
226 1683 360 1738 nrrrlrarnm
380 1680 480 1733 urbium
502 1675 609 1730 ulilitate
630 1665 793 1738 suscepimus.
816 1663 870 1718 llos

84 1778 159 1850 {pilae
172 1792 238 1830 nesrrc
254 1774 330 1828 libros
347 1768 447 1825 lerliani
460 1767 556 1832 babeo,·
569 1765 596 1817 in
609 1762 648 1816 lsis
663 1776 701 1814 mc
714 1757 808 1812 oblecto
816 1770 826 1818 ,·
840 1753 872 1807 ds

80 1868 121 1945 pis
137 1868 219 1922 cibum
235 1865 323 1938 capia,
341 1879 392 1917 nors
409 1861 484 1916 illum
502 1859 544 1930 qrti
559 1855 632 1927 perit,
644 1853 687 1908 sed
698 1852 741 1923 qtsi
754 1855 872 1921 operatur

81 1960 139 2014 silue
150 1967 249 2012 salernas
263 1954 428 2011 substantians
440 1967 485 2021 per
497 1949 573 2019 fidem
586 1955 707 2010 nostram,
721 1959 770 2015 qna
783 1954 872 1994 oscor·

81 2067 203 2117 paransnr
225 2050 251 2103 in
276 2048 375 2104 Clerislo
397 2044 459 2100 lesu
482 2041 692 2096 Dominononro
712 2031 874 2102 :euripides

81 2136 187 2205 inostro,
204 2155 261 2208 ana
281 2137 415 2193 visibilium
435 2134 575 2205 neplipens,
597 2125 760 2184 invisibilibus
774 2123 873 2185 irrlriat,

84 2246 131 2307 per
147 2228 294 2282 clearltalern
307 2226 393 2281 omrrlts
408 2222 546 2279 seeundum
560 2220 686 2274 ceritatem
700 2211 876 2282 asserripotenlis

83 2316 135 2394 liei
154 2318 310 2381 credentem,
334 2315 423 2370 litleris
436 2322 459 2367 el
471 2309 592 2380 eaenrplis
610 2306 722 2376 fidelium
736 2302 874 2357 roboretur.

90 2412 113 2466 0
128 2427 184 2467 uere
194 2411 233 2465 sal
247 2419 330 2472 terrio,
343 2423 392 2478 quo
405 2402 545 2477 primordia
558 2409 643 2454 nostra
653 2413 684 2451 ne
695 2396 791 2468 possint
800 2391 878 2447 meoli

86 2516 220 2556 uiseresrece
237 2515 334 2561 errore,
358 2493 528 2550 carsdiuntur!
545 2491 567 2546 0
586 2491 688 2544 lrteerna
706 2487 781 2556 diprre
800 2500 878 2554 snprn

86 2590 265 2645 doerdelnbrunr
288 2587 406 2642 Ecclesia
428 2583 519 2654 posila,
534 2595 591 2650 quse
604 2579 654 2632 late
663 2563 793 2630 eatlsolicis
807 2573 878 2627 urbi·

86 2682 133 2736 bns
159 2681 190 2733 de
212 2676 352 2748 septiformi
372 2675 463 2746 lpclrno
486 2679 585 2741 pastnrn
607 2672 661 2721 aleo
685 2666 778 2721 latitioe
794 2664 879 2718 lumen

86 2770 233 2838 effrsnslens,
248 2769 338 2823 derisas
354 2765 410 2819 lieet
430 2763 603 2818 lrsoreticarum
616 2756 736 2827 calipines
751 2753 854 2807 disemis
869 2793 877 2818 ,

88 2874 110 2918 el
133 2864 213 2917 lucens
236 2859 345 2915 ueritatis
363 2873 380 2911 a
401 2853 547 2926 confusione
567 2848 725 2904 unebrornm
746 2843 881 2915 splendore

89 2954 194 3023 rlrrrifiri
207 2950 328 3007 screnonis
343 2944 472 3003 enubilas!

123 3044 152 3098 2.
172 3042 257 3105 l's'des,
275 3044 353 3112 prater
364 3036 493 3102 urranisne,
509 3029 666 3086 odissirabilis
681 3024 815 3087 lnCltrr'sto
827 3023 879 3078 Do-

90 3136 159 3188 mina
182 3141 205 3187 el
223 3128 397 3199 suscipiende,
419 3140 494 3198 arram
513 3120 673 3193 sarniliariler
685 3116 827 3189 agnouerins
840 3123 879 3178 te,

14 3280 18 3287 ,
91 3233 185 3297 prcarrta
198 3222 308 3275 adrrrirer
319 3229 512 3289 stupore.qnam
523 3227 615 3282 rrrapno
624 3205 880 3275 omorecomplectar,

93 3317 137 3389 qni
149 3313 260 3386 qnotidie
273 3311 397 3382 colloquio
411 3308 553 3363 litterarum
572 3312 672 3358 taarurn
694 3303 775 3373 fruor,
790 3306 815 3353 et
831 3296 882 3350 oris

94 3408 131 3461 rui
144 3406 233 3477 spiriru
247 3418 341 3458 uescar.
359 3399 397 3455 Os
409 3399 476 3453 enim
490 3405 561 3451 tuum
574 3393 685 3463 fistulam
701 3405 774 3459 aqua
785 3389 848 3442 uic-te
859 3394 884 3439 er

94 3514 182 3553 oenum
195 3496 273 3566 [ontis
282 3493 370 3548 retenti
379 3484 655 3554 meritodiaeerins,qnia
663 3482 720 3551 sons
730 3479 800 3533 inte*
812 3490 885 3545 aquus

95 3588 207 3644 salientis
219 3587 244 3640 in
257 3586 333 3640 eitam
344 3591 462 3636 (eternam
471 3575 584 3633 Cirrislus
593 3571 697 3640 effertus
706 3567 838 3639 esllloan.
846 3580 884 3632 tt,

96 3680 152 3751 ll).
168 3678 247 3750 Crrjns
259 3674 383 3730 desideria
397 3671 472 3728 sitirit
486 3668 512 3722 s‘n
527 3676 550 3721 lc
565 3665 650 3718 areima
664 3678 729 3727 mea,
741 3668 763 3712 et
775 3658 886 3711 abertate

96 3776 132 3829 tui
146 3770 258 3844 llrsndnis
271 3765 389 3824 inebriari
400 3775 467 3818 terra
476 3777 532 3815 mea
546 3755 694 3827 concupiuit.
707 3752 819 3822 ideoque
828 3764 886 3803 cnrn

96 3865 145 3918 lroc
160 3858 331 3917 Perstatenelro
346 3866 389 3910 tuo
403 3861 491 3908 corttro
506 3847 661 3904 llasrielneos
676 3858 715 3897 nee
728 3842 788 3898 salis
799 3856 885 3894 arrata‘

95 3954 171 4019 ceris,
184 3954 206 4007 si
218 3967 268 4022 ana
280 3950 307 4004 in
318 3947 383 4002 alios
400 3958 497 4016 quanm
514 3940 596 3995 leostes
612 3936 742 3991 eatlralicao
757 3931 816 4003 fidei
829 3947 885 3985 rests-

97 4045 193 4100 nr'rnina
207 4038 357 4110 comparosti
370 4030 528 4107 (quialrostis
543 4038 637 4093 noster,
652 4027 692 4081 eui
701 4024 770 4079 ursille
782 4022 887 4077 nocendi

97 4146 175 4201 ortes,
189 4143 241 4187 tarn
255 4131 331 4187 soriis
345 4116 528 4199 enpnpnandus
539 4131 575 4177 est
589 4120 658 4182 telis,
671 4133 747 4190 quarn
760 4122 888 4186 oppnpnal

97 4225 219 4294 insidiis),
235 4234 319 4293 arrasa
335 4231 447 4288 pranscse
461 4213 522 4268 milri
536 4211 567 4265 de
580 4206 773 4264 armamentario
792 4215 851 4271 lua,
865 4212 888 4258 et

93 4318 213 4387 'colescere
227 4328 277 4367 nan
294 4309 391 4364 obrruas
406 4321 477 4361 orista
493 4301 606 4371 iustitiae.
622 4298 687 4356 Susn
701 4296 768 4352 enirn
782 4294 890 4350 lobario-

99 4425 153 4473 sns,
169 4405 243 4459 etiarn
257 4417 323 4456 nrrrsc
335 4400 379 4454 snb
394 4412 485 4468 nrapno
498 4409 573 4448 ancre
589 4397 703 4463 peeralar
717 4390 738 4453 ¹,
758 4397 890 4442 ueteranus

99 4503 126 4557 s'n
138 4502 241 4555 rrnrrse'ro
256 4502 423 4568 pcccatorum,
436 4487 481 4544 sed
491 4495 584 4543 alerem
596 4484 649 4554 rapi
661 4497 739 4537 nouus
749 4481 775 4534 in
786 4493 891 4551 corpore

101 4592 150 4646 lira
163 4582 269 4643 noticia.
283 4581 442 4655 Sapientiam
460 4576 548 4632 usundi
560 4575 634 4629 nrises
645 4573 772 4642 lucusque
787 4570 891 4623 miratus

103 4697 167 4746 suess,
181 4687 206 4733 et
218 4693 262 4749 per
275 4674 375 4730 irrutiles
394 4673 489 4726 litteras
509 4664 714 4739 reprobatamque
729 4660 892 4733 prudentiam

102 4773 157 4827 lieo
169 4771 262 4826 stultus
272 4776 296 4823 el
310 4774 393 4820 mutus
404 4762 452 4833 lui.
469 4758 609 4827 Posttpsans
621 4753 754 4809 inueteraru'
768 4752 832 4806 inter
841 4751 892 4804 ini·

102 4865 181 4920 sericas
195 4877 273 4928 meas,
287 4867 310 4915 et
324 4854 400 4913 aarsni
413 4855 440 4908 in
452 4846 644 4922 capitationibus
658 4846 729 4913 neris,
745 4843 823 4899 letari
832 4858 893 4897 oen·

102 4956 141 5010 los
163 4969 230 5007 reseas
249 4950 277 5004 in
291 4954 397 5011 nronles,
417 4941 451 4995 ad
471 4944 596 5012 praecepta
615 4934 677 5007 lepis
688 4943 713 4990 et
725 4933 814 5005 prestito
827 4932 895 4986 dono

103 5043 242 5117 suspiciens
257 5055 266 5095 :
279 5038 346 5094 unde
368 5034 431 5091 milri
447 5030 570 5087 antulium
592 5026 658 5083 rescit
679 5041 696 5080 a
719 5023 838 5090 llomirra,
852 5021 895 5095 qui

131 5182 139 5215 ¹
155 5178 192 5226 sic
202 5171 403 5226 tusuduosieoiso.
416 5159 682 5223 reminiscensque
692 5157 895 5225 [mrboeopnse.

130 5244 140 5275 ¹
155 5244 208 5289 νει.
222 5243 327 5300 septem,
336 5231 381 5287 sub
390 5243 477 5295 octono
487 5227 576 5280 nabore
587 5222 896 5291 pommeranorum,

108 5312 170 5353 nere
183 5304 344 5364 peccatorum

95 5348 706 5480 usn
719 5343 896 5458 msc:

104 5490 246 5672 32&
255 5545 284 5597 bl
300 5558 306 5595 :
319 5557 374 5612 quse
386 5552 469 5597 autom
478 5542 509 5597 &i
521 5548 591 5604 esst,
602 5554 666 5592 nune
679 5539 730 5591 too.
743 5539 832 5601 scrip-to
843 5550 898 5589 cunr

669 194 907 273 sitsroasunn
925 200 1061 261 cussus
1075 189 1097 260 ι’.

1645 191 1709 263 sil*

908 326 959 372 non
971 318 1107 373 mnndum
1117 315 1262 389 illustrares
1271 315 1418 381 retribuens,
1429 313 1580 370 ilbositsaelt
1588 322 1711 382 eorum·

908 409 981 465 solbit
991 408 1170 476 canrpeditnm,
1192 407 1333 462 bussiliarlt
1344 416 1452 462 nectum
1464 407 1539 474 mole,
1553 416 1581 461 ut
1593 408 1697 481 niuem

909 500 1129 570 lcsmiliatunsple.
1706 504 1709 509 ·

865 607 867 611 ”
943 593 970 648 b.
989 592 1087 662 Sequar
1103 592 1190 664 ipimr,
1203 607 1256 646 non
1269 591 1346 662 marris
1363 591 1447 645 adbuc
1462 590 1584 662 passibus,
1606 607 1699 663 mantuo

907 683 1035 753 jssrcrssm
1047 681 1158 751 usstlpia,
1171 681 1297 746 sipossins
1307 681 1700 750 orationibusrestrisappcelretr·

912 773 980 838 dere,
990 772 1016 826 in
1027 786 1079 843 aso
1090 771 1138 826 liei
1157 771 1357 825 miserationibus
1369 772 1539 840 spprelsensns
1552 786 1617 826 sunt.
1632 769 1702 841 llepo

912 879 972 934 erpo
984 864 1116 934 pmoslunr
1128 864 1155 917 in
1168 872 1236 917 terra
1246 871 1399 931 eemarrtcm,
1415 870 1439 916 el
1461 863 1509 915 luis
1522 863 1645 932 prrssibns
1658 863 1712 917 lna

914 956 985 1028 predi
995 955 1066 1010 dore.
1082 954 1150 1010 lilalo
1164 956 1229 1010 enirn
1246 971 1286 1009 nre
1297 955 1435 1024 corporalis
1453 962 1521 1009 orlac
1533 957 1615 1027 arripis
1626 972 1703 1026 arram

915 1044 1055 1115 spiritualis
1075 1055 1176 1099 erastus
1192 1054 1265 1099 atate
1283 1044 1433 1098 consideres.
1453 1032 1554 1115 Quippe
1566 1028 1628 1099 retas
1641 1046 1704 1100 nsilsl

915 1136 1162 1190 secursdunreorncrn
1173 1152 1203 1190 ea
1210 1136 1267 1206 jans
1282 1146 1328 1201 est,
1340 1151 1390 1204 pua
1406 1135 1454 1204 snit
1468 1136 1512 1189 ille
1528 1134 1560 1189 ob
1577 1134 1704 1206 Apostolis

916 1227 944 1282 in
957 1236 1031 1299 porta
1043 1228 1173 1298 Speciosa,
1187 1227 1254 1282 uerbi
1266 1236 1386 1298 potestate
1396 1237 1499 1281 samatus
1513 1224 1580 1300 (let.
1593 1242 1630 1289 stt,
1645 1228 1672 1293 7,
1681 1235 1706 1281 et

918 1334 957 1385 tr,
971 1317 1029 1389 22).
1045 1317 1078 1372 ln
1091 1319 1216 1373 natalibus
1232 1327 1313 1372 antem
1333 1320 1433 1385 aeliane,
1449 1320 1518 1373 illins
1539 1319 1623 1374 arillae
1643 1320 1716 1374 nsilsi·

918 1418 1016 1478 tempus
1035 1409 1150 1481 insontior
1168 1418 1215 1473 est,
1237 1424 1294 1480 qrsoe
1306 1409 1433 1464 intrntatls
1448 1397 1551 1464 (insisto
1564 1411 1707 1468 nrrlnen‘lus

919 1504 1058 1569 irnmolata,
1070 1503 1147 1574 dipno
1160 1505 1282 1575 sanpuine
1293 1505 1353 1574 apul
1364 1505 1489 1559 uletirnonr
1503 1496 1675 1577 procucurrit,
1684 1514 1708 1561 el

920 1594 1072 1648 dominicam
1092 1595 1224 1664 auspicnta
1244 1604 1280 1648 csl
1299 1597 1452 1666 passionem.
1466 1596 1546 1668 dtrpne
1561 1597 1618 1650 ideo
1630 1608 1657 1651 ut
1669 1595 1719 1650 in·¹

921 1687 1015 1754 [antem
1036 1683 1120 1736 adlrnc
1140 1684 1213 1738 serbo
1231 1683 1277 1737 Dei
1291 1695 1314 1738 el
1328 1685 1455 1756 spirituali
1470 1695 1542 1740 ctare
1555 1686 1685 1740 lactentem
1699 1727 1708 1752 ,

922 1774 1001 1828 educa
1024 1774 1103 1829 uerbis
1118 1774 1176 1835 teris,
1200 1774 1316 1829 crinibus
1338 1776 1408 1845 fidei,
1425 1777 1564 1847 sapientior,
1580 1762 1721 1832 clanculis·

922 1864 1069 1917 inlriarstam.
1094 1862 1126 1919 Si
1140 1865 1247 1934 officinm
1267 1880 1398 1918 corasrrrune
1412 1865 1564 1931 consideras,
1578 1870 1657 1937 [rator
1666 1882 1711 1930 es:

923 1953 945 2007 si
958 1953 1125 2036 nsoturiltrtorn
1135 1953 1227 2024 inpersii
1240 1953 1277 2006 tui
1289 1963 1313 2007 et
1323 1969 1450 2015 certsnrns,
1465 1963 1534 2022 pater
1544 1955 1608 2007 rrrilri
1619 1971 1654 2020 es,
1667 1954 1721 2009 etsi'

926 2047 991 2116 forle
1001 2045 1035 2099 sis
1049 2061 1101 2099 noo
1117 2045 1225 2114 justior,
1251 2045 1309 2115 quia
1324 2053 1347 2097 te
1359 2043 1393 2096 nd
1412 2045 1578 2097 resartnritatern
1597 2045 1678 2097 meriti
1690 2056 1713 2099 rt

926 2137 1045 2188 bonorem
1061 2135 1188 2189 serrioruns
1203 2134 1314 2204 proserii
1334 2134 1342 2166 ¹
1357 2134 1474 2203 jsruenern
1487 2146 1551 2187 cano
1569 2133 1723 2203 prudentia·

929 2223 996 2278 Fare
1008 2224 1084 2294 ipituc
1096 2232 1119 2277 et
1131 2224 1266 2278 corrobora
1284 2240 1322 2277 sne
1335 2223 1361 2277 in
1381 2215 1460 2277 sacr³s
1473 2208 1585 2289 Litteris,
1598 2233 1625 2277 et
1637 2225 1716 2294 spirl-

928 2314 1038 2369 tuolibus
1061 2315 1166 2379 studiis,
1192 2323 1311 2385 tempore,
1326 2324 1352 2367 ut
1366 2315 1429 2376 sliri,
1441 2325 1575 2379 recentem,
1590 2324 1613 2368 et
1626 2315 1655 2369 ob
1670 2304 1722 2370 lroo'

929 2415 984 2476 post
998 2404 1073 2476 lasrpa
1085 2405 1242 2470 discrimino,
1252 2415 1307 2474 past
1316 2404 1393 2457 rnttlta
1403 2405 1548 2475 rrarrfrapin,
1556 2421 1605 2459 usu
1616 2402 1728 2470 credens*

928 2496 1031 2550 uixdum
1045 2512 1061 2548 a
1075 2495 1194 2565 praelibas
1207 2495 1283 2548 meoli
1294 2505 1473 2564 enserpsntens,
1484 2502 1510 2546 tn
1520 2494 1624 2567 spolians
1636 2494 1718 2547 solido

929 2586 1013 2641 lillore
1026 2586 1182 2651 conslr'tutns,
1199 2593 1250 2639 tnlo
1266 2585 1377 2653 {recipe
1396 2586 1461 2647 orric,
1484 2594 1511 2637 ut
1533 2585 1559 2638 in
1582 2595 1656 2655 portu
1674 2601 1718 2643 so·¹

930 2677 1000 2745 lulis,
1015 2679 1038 2732 si
1057 2677 1161 2748 dipnnm
1180 2687 1263 2747 putus,
1282 2676 1377 2747 pariter
1393 2676 1545 2747 naripesnus.
1566 2674 1667 2731 intereo
1679 2672 1726 2731 nse‘

930 2767 962 2822 de
976 2767 1094 2837 periculis
1108 2768 1165 2821 ultro
1176 2767 1247 2821 istius
1260 2776 1283 2820 et
1297 2766 1423 2837 profunda
1441 2776 1599 2836 peccalorum
1617 2767 1720 2822 euadere

931 2865 1060 2928 nitentem,
1074 2861 1228 2915 orationibus
1241 2862 1290 2914 tuis
1302 2868 1420 2930 lanariam
1434 2858 1520 2913 tabula
1532 2860 1637 2923 sustine,
1649 2868 1675 2913 ul
1689 2859 1722 2914 de

933 2954 980 3008 lsoc
992 2953 1085 3007 nrurrdo
1098 2952 1171 3025 qtsasi
1184 2952 1215 3005 de
1229 2951 1362 3021 naufrapia
1375 2950 1457 3005 rrrsdus
1471 2950 1585 3003 modion.
1664 2967 1666 2970 ·

967 3048 994 3102 l.
1010 3044 1112 3099 ldcs'reo
1123 3045 1189 3099 enlm
1198 3060 1238 3097 me
1249 3042 1331 3097 boare
1342 3042 1458 3104 sarcinis,
1471 3050 1494 3093 el
1506 3040 1655 3095 uestimentis
1663 3055 1723 3093 orre-

932 3136 1044 3192 ranlibns
1059 3150 1150 3190 sorren
1160 3134 1254 3198 curcei,
1272 3144 1299 3186 ur
1313 3132 1513 3197 robostissimo,
1526 3130 1723 3202 epicadinrerrias

933 3240 957 3286 ct
965 3227 1162 3300 Drumpeccotis
1173 3224 1387 3280 interlatrantibus
1401 3231 1511 3293 separat,
1527 3222 1654 3292 prasentia
1666 3221 1731 3274 uites*

934 3321 1026 3387 salum,
1035 3318 1103 3373 orsini
1113 3317 1206 3371 amictu
1218 3315 1311 3377 curnis,
1319 3323 1343 3367 ol
1351 3328 1413 3366 eura
1423 3312 1474 3365 diei
1482 3311 1614 3381 sequanis,
1621 3310 1726 3380 jubente

935 3419 958 3465 et
982 3411 1118 3480 ndjrruante
1137 3406 1237 3462 Christo
1259 3403 1388 3474 erpeditns
1407 3412 1513 3457 enatem.
1530 3402 1619 3471 Neque
1640 3401 1667 3454 id
1685 3412 1732 3455 nte·

936 3503 1069 3574 perfecisse
1082 3497 1194 3570 aleriam
1207 3495 1274 3566 quod
1286 3494 1332 3548 etsi
1345 3493 1450 3564 plorimi
1465 3491 1607 3564 pescennius
1617 3491 1727 3546 Destino

936 3591 1069 3664 pluriorer,
1082 3589 1155 3658 cujus
1167 3595 1204 3641 est
1217 3584 1347 3658 perficere,
1361 3584 1429 3655 quad
1441 3584 1512 3638 nobis
1524 3582 1624 3653 adjacet
1642 3580 1728 3637 selle:

938 3681 983 3738 sed
1004 3679 1157 3750 concupiscit
1175 3676 1259 3730 adbuc
1277 3676 1362 3730 areima
1387 3688 1443 3729 rnen
1464 3673 1606 3728 desiderare
1627 3673 1730 3745 judicia

940 3773 1051 3829 Dorrslni.
1075 3771 1139 3827 tlte
1155 3771 1257 3842 qtsondo
1275 3778 1423 3840 assequatur
1440 3766 1529 3835 effectu
1549 3767 1734 3823 blinamma·

939 3875 988 3919 lens
1005 3864 1026 3931 ⁸,
1044 3864 1088 3935 qni
1102 3862 1185 3916 adlatae
1196 3857 1279 3932 ipsam
1293 3860 1435 3915 desiderare
1455 3858 1591 3913 desiderat.
1610 3858 1684 3925 Quod
1699 3854 1728 3913 in

939 3976 979 4014 nse
990 3968 1073 4013 tannen
1086 3966 1133 4024 est,
1149 3955 1226 4009 dilexi
1236 3953 1350 4008 decorem
1362 3953 1451 4007 slonms
1464 3958 1731 4021 mercenarorium

940 4052 965 4105 in
975 4067 1016 4106 me
1028 4050 1086 4118 lnil,
1100 4050 1223 4119 cleperam
1236 4046 1347 4118 abiectus
1361 4061 1414 4099 csse
1427 4045 1453 4098 in
1463 4044 1538 4098 danto
1549 4041 1662 4097 Danrini.
1677 4040 1732 4098 Sed

939 4142 980 4196 cui
999 4140 1095 4211 placuil
1116 4153 1246 4210 sepsepase
1259 4151 1303 4190 sne
1322 4134 1354 4189 ab
1374 4142 1445 4188 utero
1464 4132 1553 4189 matris
1575 4146 1647 4196 esea,
1663 4140 1687 4185 el
1698 4130 1732 4185 ab

941 4233 1053 4287 anrieitia
1074 4231 1157 4285 caretis
1178 4238 1201 4283 et
1210 4225 1345 4297 conquiris
1361 4224 1395 4278 od
1406 4223 1515 4294 protinus
1528 4236 1601 4275 suam
1613 4221 1731 4289 trabere,

942 4325 1022 4381 eidem
1039 4324 1134 4395 placuit
1155 4323 1255 4394 inopem
1276 4335 1316 4373 rne
1329 4317 1409 4372 onnris
1423 4316 1481 4371 boni
1496 4315 1592 4378 sensili,
1611 4315 1736 4371 suscitare

942 4419 974 4475 de
987 4426 1055 4473 berra
1065 4425 1088 4470 er
1102 4414 1134 4469 de
1145 4414 1204 4469 mco
1213 4411 1380 4475 miseriarum,
1389 4408 1458 4462 aede
1470 4409 1522 4462 luto
1536 4407 1606 4480 [urm
1617 4406 1732 4475 educere,

944 4520 972 4566 st
990 4510 1126 4566 callararel
1142 4521 1183 4560 rste
1196 4519 1253 4559 cum
1268 4500 1424 4574 principibus
1439 4498 1527 4570 populi
1539 4499 1588 4564 sui,
1602 4507 1625 4552 et
1639 4507 1735 4567 partem
1758 4552 1765 4567 ,

944 4618 1025 4658 oseam
1037 4601 1063 4654 in
1075 4608 1118 4654 lua
1130 4606 1196 4652 sorte
1211 4601 1329 4666 poneret,
1348 4599 1375 4644 nl
1388 4599 1412 4645 te
1424 4598 1559 4660 praestante
1571 4588 1679 4655 rsnmtis,
1692 4593 1736 4660 as-

945 4697 1003 4767 pele
1015 4695 1123 4750 sociatus
1136 4705 1248 4762 aepularer
1259 4688 1279 4740 ⁸.

982 4788 1010 4842 b.
1025 4782 1226 4850 Psoesrssnptiorre
1238 4779 1315 4849 ipitur
1328 4792 1379 4830 uon
1393 4791 1456 4840 ntea,
1471 4772 1516 4828 sed
1528 4771 1622 4843 placito
1633 4779 1656 4826 el
1667 4770 1738 4825 orali-

947 4879 1049 4932 natione
1056 4873 1170 4938 Domini,
1180 4870 1205 4924 F
1205 4867 1358 4925 solennitatis
1365 4875 1415 4920 tuse
1425 4864 1487 4918 mibi
1497 4862 1579 4933 lodus
1598 4874 1737 4930 usurpasse,

979 5027 988 5059 ¹
1000 5022 1070 5074 edila
1082 5029 1111 5071 re
1122 5016 1155 5068 ad
1163 5012 1324 5066 salmurum
1336 4996 1741 5071 rumitilsonorsens'orernpsoacsff

947 5097 971 5142 el
980 5087 1102 5151 inuenerit.
1143 5093 1148 5103 “
1164 5088 1271 5127 mosem
1283 5088 1290 5124 :
1304 5081 1397 5123 trossore
1408 5066 1536 5139 serriormtt.
1555 5060 1681 5113 ulmellos
1691 5060 1741 5113 duo

949 5152 1023 5202 salic.
1035 5162 1042 5197 :
1054 5151 1084 5197 ut
1111 5152 1208 5193 onmem
1218 5137 1338 5191 seniorum
1347 5134 1584 5197 prmeastprnenem.
1608 5182 1614 5194 Ι

980 5211 1035 5262 ¹sie
1043 5211 1068 5260 in
1077 5205 1156 5256 elisis
1169 5208 1259 5253 ststss.
1270 5187 1585 5262 ,nortmannicarum
1596 5183 1741 5237 bttorecars·

949 5278 1103 5385 “illl‘’l·
1117 5274 1165 5318 ⁰⁸⁰·
1179 5254 1575 5378 immunimus...
1599 5315 1644 5359 a..
1671 5306 1749 5357 ss·-

950 5370 1065 5464 spretam
1076 5325 1325 5445 kuffgffimrlgpicm
1341 5380 1408 5431 duo:
1422 5372 1469 5428 Dci
1483 5345 1633 5427 cumcuim.
1646 5342 1744 5420 'buoso

951 5462 1024 5512 istie.
1036 5473 1042 5509 :
1053 5456 1141 5521 spectu
1154 5447 1434 5503 minturnensium
1444 5439 1578 5504 soqmmm.

982 5532 1104 5608 wisteren.
1125 5533 1164 5576 tes.
1179 5542 1185 5576 :
1200 5521 1282 5589 officio
1292 5525 1385 5574 unctus
1402 5528 1528 5583 causarer,
1543 5496 1567 5547 id
1585 5502 1624 5546 ⁰⁸2
1640 5502 1744 5545 mii·
1777 5548 1783 5555 .

953 5600 1143 5659 [sustentus.
1178 5638 1183 5646 ,
1736 5616 1741 5629 ,
