3906 6390
85 264 138 337 tes
662 259 899 326 nerstouuuuu
919 259 1053 320 mtussn
1070 258 1101 317 ιι.
1660 218 1711 315 mr

88 390 158 447 unde
172 388 289 461 precisis
301 385 423 444 omuibus
436 381 622 446 dilationibus,
638 379 671 434 ad
684 379 754 434 iliius
765 376 875 447 gratiam
930 386 1018 428 nonne
1036 372 1070 427 ab
1092 372 1136 427 iiia
1155 372 1238 442 patria
1259 369 1378 428 t'critatis
1390 377 1416 426 ct
1427 368 1560 426 beatitatis
1574 383 1622 426 nos
1635 370 1713 441 louge

87 479 292 552 coniugiendum
304 486 362 544 est,
374 476 416 532 cui
430 474 567 530 verissime
576 471 627 527 dici
640 476 728 540 potest
736 467 805 539 quod
816 482 874 523 car·
926 465 1032 520 exsules
1044 463 1180 520 mitteret?
1194 462 1261 532 Quid
1273 463 1344 519 enim
1357 461 1513 528 absurdius,
1522 459 1584 532 quid
1595 459 1713 519 insanius

89 571 163 627 mine
174 567 321 625 adulatorio
338 567 428 621 nescio
446 563 489 619 cui
500 561 581 617 nobili
593 560 670 626 dixit,
683 558 727 628 qui
741 565 828 612 tamen
841 570 874 612 cx

87 662 214 726 Cumano,
228 669 350 730 tanquam
364 672 397 714 ex
407 654 561 728 prophetico
572 651 690 710 carmine
699 663 729 706 se
740 647 875 718 accepisse

88 753 227 810 confessus
237 758 297 807 est:

91 867 98 883 ⁸
150 889 184 934 re
194 883 265 943 drree,
277 882 298 933 si
308 895 356 947 nea
365 887 464 933 rnencut
473 878 575 932 socieris
583 879 686 943 vestigia
696 878 781 939 nosui,

151 965 220 1015 trrita
231 971 349 1028 perpetua
360 962 456 1014 seirent
467 963 592 1014 tormidine
603 969 690 1011 terras

516 1043 595 1109 (rtrp.
607 1042 687 1107 eclog.
698 1041 736 1107 i.)

92 1190 148 1246 linc
160 1190 232 1246 enim
242 1188 318 1254 duee,
329 1188 421 1245 solutis
431 1188 554 1245 omnibus
563 1188 731 1259 dimissisque
744 1185 875 1257 peccatis,

91 1281 143 1336 bac
156 1281 197 1335 ria
210 1280 243 1335 ad
257 1279 391 1335 coeiestem
408 1281 518 1350 patriam
538 1275 709 1351 pervenitur,
731 1280 807 1350 cujus
831 1278 878 1333 bn·

93 1370 220 1425 bitatione
238 1384 297 1424 curn
321 1383 379 1424 cam
404 1369 449 1423 tibi
471 1367 631 1437 amandam,
645 1379 770 1440 qrrarrtum
784 1367 876 1438 potui,

92 1460 321 1528 commendarem,
348 1460 490 1516 admodum
516 1459 660 1517 delectatus
672 1476 711 1516 es.

128 1536 879 1623 curuum-ta.seoqutaununqnouannesean

93 1641 166 1712 leges
184 1639 298 1696 diversis
318 1640 368 1696 riis
385 1648 412 1696 et
427 1640 575 1696 tramitibus
587 1650 727 1712 appetant;
741 1656 833 1697 vereor
845 1655 879 1697 ne

93 1731 179 1797 iorte,
192 1747 251 1788 curn
266 1741 343 1803 putas
354 1733 433 1788 etiam
447 1731 518 1787 illam
535 1733 614 1798 riam,
630 1733 656 1787 iu
666 1736 720 1804 'qiua
733 1748 878 1788 nunccon·

93 1824 201 1879 stitutus
215 1838 260 1890 es,
277 1828 309 1880 e'o
324 1823 448 1888 tendere,
463 1824 561 1894 pigrior
573 1825 610 1880 sis
621 1824 655 1880 ad
668 1840 726 1881 eum
739 1824 878 1881 tenendam

94 1929 153 1984 quaa
174 1915 236 1970 iiiuc
247 1915 303 1970 sola
316 1915 443 1985 perducit.
458 1914 510 1971 Sed
523 1931 614 1972 rursus
626 1917 734 1973 verbum
746 1917 816 1989 quod
832 1933 880 1988 pu·

94 2003 170 2060 suisti
182 2005 323 2075 diiigenter
335 2005 475 2060 attendens
485 2047 492 2070 ,
504 2005 596 2061 uideor
606 2007 671 2062 rniiri
687 2017 758 2063 tunm
768 2021 821 2062 nun
832 2006 881 2062 im-

96 2094 224 2162 pudenter
243 2096 347 2165 aperire
369 2095 527 2150 seutentiam
549 2112 557 2150 t
580 2111 665 2167 neque
684 2096 755 2153 enirn
774 2096 878 2162 dixisti,

95 2199 175 2254 quam
199 2198 293 2239 omnes
313 2184 386 2255 leges
405 2179 518 2241 dirersis
538 2187 588 2241 viis
606 2196 634 2243 et
649 2188 796 2243 tramitibus
809 2201 882 2242 asse·

95 2282 227 2343 quantur,
249 2283 295 2328 aut
317 2273 477 2341 ostendunt,
498 2284 543 2330 aut
563 2277 713 2344 inveniunt,
734 2287 779 2333 aut
793 2278 881 2350 ingrc-

93 2364 218 2432 diuntur,
240 2373 286 2420 aut
304 2364 439 2431 obtinent,
453 2368 498 2421 aul
512 2366 609 2438 aliquid
622 2367 767 2438 ejusmodi,
782 2368 829 2424 scd
842 2367 883 2424 di-

926 555 976 612 dici
995 565 1097 626 potcst,
1113 569 1191 625 quiam
1205 564 1234 610 ut
1247 550 1290 610 iiic
1305 555 1349 628 qui
1369 554 1503 626 aliquanto
1515 553 1712 611 immoderatius

926 645 1029 711 riserit,
1051 654 1078 700 et
1101 645 1146 701 illc
1164 645 1210 716 qui
1231 645 1342 716 patriam
1361 642 1533 701 truculentius
1546 643 1711 715 incenderit,

927 749 1051 806 peccasse
1070 735 1220 806 judicentur
1242 733 1399 806 aequuiiteri
1418 732 1502 801 Quam
1520 732 1626 804 quidem
1639 736 1667 790 td
1679 745 1713 794 ct

927 826 1100 897 quorumdam
1123 826 1338 898 pbilosophorum
1359 826 1483 896 opinione
1505 841 1558 882 nou
1578 825 1713 886 diversam

928 917 1013 984 viam,
1034 932 1095 987 quae
1118 925 1204 973 tamen
1218 914 1297 972 ducat
1310 915 1344 971 ad
1357 916 1493 972 crelcstcm
1507 914 1694 972 habitationem
1708 956 1717 984 ,

928 1006 975 1062 ned
990 1007 1067 1077 plane
1079 1022 1247 1078 perversam,
1263 1021 1321 1077 qua
1330 1006 1402 1062 ducit
1414 1005 1447 1061 ad
1461 1006 1714 1077 perniciosissimum

928 1112 1059 1163 errorem,
1083 1113 1136 1152 nnn
1158 1111 1206 1167 pro
1227 1106 1272 1152 tuo
1290 1112 1387 1164 sensu,
1404 1097 1451 1154 sed
1470 1112 1517 1167 pro
1529 1088 1716 1158 causacitium

929 1194 1033 1242 tutorum
1053 1186 1229 1242 adhibendam
1250 1188 1366 1258 putasti;
1387 1196 1416 1242 ut
1436 1188 1474 1242 sic
1493 1186 1659 1258 ignoscamus
1676 1189 1715 1245 eis

928 1291 1040 1347 quorum
1061 1277 1227 1332 seruientium
1247 1277 1351 1349 ignibus
1371 1277 1437 1332 arsit
1454 1277 1595 1343 Ecclesia,
1621 1292 1714 1348 quem-

929 1364 1069 1420 admodum
1086 1365 1302 1436 ignnsecrcmus,
1325 1365 1396 1422 siab
1416 1367 1457 1422 eis
1477 1366 1565 1438 aliquo
1588 1367 1716 1437 petulanti

929 1454 1048 1511 conuicio
1061 1456 1255 1525 appeteremur.

965 1548 1008 1603 ii.
1031 1547 1084 1605 Sed
1102 1546 1324 1617 quemadmodum
1352 1546 1379 1603 id
1402 1548 1565 1605 adstruxeris
1582 1548 1664 1606 ride:
1682 1548 1716 1603 m

929 1639 952 1694 si
971 1649 999 1694 ut
1019 1640 1186 1710 quibusdem,
1215 1639 1319 1709 inquis,
1345 1638 1501 1710 piriioropiu‘s
1521 1640 1618 1711 piacet,
1631 1642 1716 1696 ontrtio

931 1740 1031 1801 percute
1054 1731 1125 1801 perio
1146 1739 1218 1796 sunt,
1240 1730 1396 1801 induigentia
1414 1730 1528 1786 ominibus
1560 1733 1631 1787 debet
1664 1726 1720 1789 ersa

931 1823 1078 1877 comnrnnis.
1114 1822 1214 1878 lieindo
1245 1837 1304 1878 curn
1335 1823 1410 1893 quasi
1446 1823 1547 1878 moliris
1577 1823 1718 1880 osteude’r‘ri

931 1913 1020 1967 omnia
1048 1914 1120 1984 paria
1151 1928 1211 1969 esse
1233 1923 1358 1983 peccata,
1372 1912 1510 1983 subiungis
1522 1921 1549 1968 et
1559 1911 1625 1968 dicis
1640 1932 1646 1966 :
1662 1911 1714 1968 Pe·

932 2005 1052 2060 intentius
1083 2006 1179 2060 iocatus
1210 2013 1246 2059 est
1267 2004 1374 2074 aliquis,
1396 2004 1521 2075 peccauit,·
1537 2003 1649 2058 conuicio
1672 2012 1718 2058 out

931 2095 1037 2151 erimine
1064 2094 1191 2167 ingenit,
1215 2109 1285 2166 oegue
1309 2095 1427 2165 peccauit.
1457 2092 1513 2148 iioc
1532 2108 1585 2148 non
1606 2100 1647 2148 est
1667 2092 1716 2148 do·

932 2203 1007 2254 ecre,
1026 2189 1073 2244 sed
1091 2188 1116 2244 id
1129 2187 1200 2258 quod
1214 2201 1338 2264 peruerse
1351 2186 1482 2254 sentitur,
1497 2186 1556 2240 siue
1568 2184 1619 2240 ulia
1634 2184 1717 2241 docu-

933 2289 1082 2333 mentorum
1099 2277 1259 2333 structione
1272 2290 1430 2347 proponcre.
1446 2274 1487 2330 td
1499 2275 1550 2330 boc
1562 2275 1633 2332 eninr
1647 2275 1717 2347 quod

933 2369 1015 2435 dicis,
1039 2384 1109 2440 oepue
1130 2369 1257 2440 peccauit,
1283 2369 1336 2424 cito
1358 2367 1550 2438 respondetur,
1572 2383 1624 2424 non
1642 2385 1719 2440 acque

95 2453 198 2518 cando,
212 2461 349 2525 oppetunt,
364 2455 460 2510 librato
472 2456 569 2521 rerbo,
584 2465 662 2529 atque
672 2472 811 2530 perpenso,
829 2474 881 2513 uon
933 2459 1061 2530 peccarit.
1084 2460 1173 2530 Exigis
1194 2457 1314 2514 iortassis
1330 2465 1359 2512 ut
1370 2457 1480 2528 probem
1495 2475 1501 2513 :
1515 2458 1577 2530 quid
1590 2459 1660 2513 enirn
1675 2467 1718 2520 tu,

96 2544 262 2615 adeptionem
283 2546 453 2617 significasti,
471 2547 517 2602 sed
528 2547 690 2619 adipiscendi
702 2548 880 2620 cupiditatem.
934 2550 1003 2622 quud
1026 2564 1100 2620 argue
1121 2549 1286 2620 peccauerit,
1297 2549 1353 2619 jorn
1367 2547 1502 2618 probastii
1520 2548 1560 2603 iu
1573 2546 1637 2603 illud
1649 2547 1720 2620 quot

96 2636 135 2691 lta
148 2652 198 2693 uec
210 2637 283 2692 iliam
297 2653 356 2708 quae
371 2654 432 2694 uera
446 2647 503 2705 cst,
518 2640 668 2707 exclusisti,
684 2656 733 2698 nec
747 2641 811 2697 alias
822 2656 883 2712 quum
931 2641 1020 2711 jungis
1042 2639 1202 2696 audiendum
1223 2640 1285 2696 cst?
1311 2639 1400 2694 Attene
1411 2640 1515 2712 quique
1528 2640 1646 2712 diripuit,
1657 2640 1722 2695 inter

98 2728 170 2783 tatsa
186 2737 265 2793 suut,
283 2728 428 2794 admisisti,
442 2736 470 2784 et
482 2731 525 2784 iila
535 2731 630 2802 quiippe
643 2733 742 2802 appetit
751 2747 810 2802 ntum
821 2748 882 2801 pcr-
938 2732 1029 2786 deiicte
1051 2740 1205 2786 conteratur.
1228 2730 1277 2786 llic
1304 2731 1384 2786 etiam
1411 2738 1438 2786 tu
1456 2731 1513 2801 ipse
1527 2730 1722 2787 verecundatus

97 2817 183 2884 ducit,
195 2833 245 2874 uec
258 2819 376 2888 perducit
390 2819 547 2890 omnisque
561 2819 884 2891 iuoeappetit;quourtis·
934 2837 964 2877 es
984 2839 992 2876 ι
1011 2821 1103 2893 puduit
1120 2821 1191 2876 enim
1210 2830 1235 2877 te
1254 2820 1343 2877 dicere
1354 2819 1424 2890 quod
1438 2821 1556 2891 peccavit
1569 2820 1720 2891 equaliterr

97 2909 157 2978 quis
169 2907 330 2978 perducitur,
342 2907 399 2962 sine
409 2907 461 2962 ulia
471 2907 634 2965 dubitatione
644 2912 736 2965 beatus
746 2920 796 2967 est.
809 2909 883 2967 Beati
934 2913 999 2980 scd,
1033 2914 1098 2968 inter
1117 2913 1231 2980 delicto,
1256 2910 1357 2984 inquis,
1382 2922 1536 2968 nommetur.
1563 2912 1722 2970 Nouautern
1752 2938 1755 2943 >

97 3005 185 3052 autern
199 3011 291 3053 ornnes
304 3002 363 3052 esse
377 2996 513 3063 uolumus,
529 2998 580 3054 boc
593 3008 649 3067 est,
662 3002 820 3072 appetimus,
833 3014 884 3056 nec
935 3003 971 3060 ibi
984 3004 1095 3075 quaestio
1108 3012 1149 3060 est
1161 3011 1250 3059 utrum
1263 3013 1290 3059 et
1304 3004 1354 3058 boc
1367 3004 1436 3058 inter
1447 3002 1541 3059 delicta
1552 3008 1721 3068 numeretur,

101 3098 187 3144 tanuen
205 3091 355 3161 omnesqui
371 3090 490 3148 nolumus
502 3106 661 3163 possumus,
675 3091 726 3148 lune
739 3101 797 3160 est,
813 3090 883 3161 quod
935 3094 983 3150 sed
998 3101 1085 3149 utrum
1101 3091 1152 3149 hoc
1165 3091 1201 3148 illi
1216 3092 1313 3149 delicto
1325 3091 1472 3163 mortalitate
1483 3091 1619 3162 jungatur.
1634 3093 1724 3149 intel

100 3180 247 3250 appetimus
267 3180 445 3252 adipiscimur.
462 3184 507 3239 llio
520 3199 583 3255 ergo
594 3184 747 3254 adipiscitur
758 3181 804 3254 qni
815 3184 883 3238 uiam
935 3193 1075 3258 propterea
1086 3192 1147 3239 sunt
1159 3184 1246 3255 paria,
1258 3183 1319 3254 qtria
1328 3191 1438 3254 utraque
1448 3183 1541 3239 delicta
1551 3188 1622 3251 suut,
1635 3199 1724 3241 mures

100 3278 172 3325 tenet
189 3285 241 3326 non
258 3273 341 3327 solurn
355 3288 406 3343 qua
419 3273 444 3329 id
455 3276 570 3344 appetit,
583 3275 629 3331 sed
642 3277 781 3346 quinetiam
793 3287 885 3345 perro·
936 3284 964 3332 et
975 3275 1108 3347 eiepitanti
1121 3290 1198 3345 pares
1210 3283 1305 3342 erunt,
1316 3276 1378 3345 nuria
1390 3284 1499 3346 utraque
1509 3284 1571 3330 sunt
1581 3275 1723 3342 animalia;

99 3363 186 3429 uitur,
209 3364 361 3433 relinquens
380 3363 447 3421 aiios
466 3365 492 3419 iu
507 3364 645 3420 itineribus
657 3362 811 3434 appetendi,
828 3362 886 3419 siue
936 3376 1036 3420 muscae
1048 3375 1075 3419 ct
1088 3365 1199 3434 aquiiae,
1213 3364 1273 3433 quia
1284 3371 1395 3434 utraque
1405 3364 1529 3419 volatilia.
1725 3364 1729 3369 ’

100 3452 153 3507 due
165 3451 339 3522 adipiscendi.
351 3453 480 3522 Quoniam
494 3460 544 3509 uee'
557 3460 632 3509 error
645 3461 716 3509 cssct
726 3453 748 3508 si
762 3451 826 3508 nihil
837 3466 886 3522 ap·
972 3454 1016 3510 15.
1036 3450 1129 3509 Adbuc
1150 3453 1229 3508 etiam
1251 3452 1416 3524 progrederis
1441 3462 1468 3508 ct
1486 3453 1620 3522 conjectas
1637 3454 1726 3512 :Loco

101 3551 251 3615 peteretur,
274 3558 324 3600 nee
346 3544 368 3600 si
387 3545 502 3616 appetita
513 3545 611 3601 ueritas
625 3553 768 3601 teneretur.
780 3544 809 3601 Si
823 3554 887 3600 nero
938 3544 1046 3614 mosano
1060 3557 1179 3613 sacroque
1190 3541 1299 3604 uiolauit,
1313 3557 1363 3596 nors
1374 3551 1410 3596 est
1425 3541 1455 3597 ni
1471 3543 1627 3616 induigentia
1642 3562 1725 3601 secm-

90 3636 220 3692 'dirersas
232 3636 288 3691 rias
301 3636 336 3691 ita
350 3636 448 3703 dixisti,
461 3645 489 3693 ut
501 3651 553 3692 non
564 3636 739 3707 intelligamus
749 3635 885 3705 adversas,
937 3633 1043 3688 nendos.
1060 3632 1107 3688 ilic
1119 3626 1183 3688 sanc
1203 3632 1238 3689 de
1258 3634 1362 3690 uiolatis
1382 3635 1464 3691 sacris
1477 3635 1543 3691 locis
1567 3636 1600 3692 ad
1625 3637 1726 3696 lacinus

102 3727 171 3782 sicut
191 3725 304 3781 dicimus
322 3726 424 3783 diuersa
445 3735 594 3798 praccepta,
613 3742 673 3798 quae
692 3735 778 3784 tammr
797 3726 886 3783 omitia
939 3723 1146 3782 tuorumcirium
1161 3723 1302 3795 pervenisti
1317 3742 1324 3781 ε
1339 3739 1431 3781 verum
1450 3724 1574 3782 locutioni
1587 3728 1725 3798 petulanti,

38 3806 44 3819 '
103 3815 199 3872 irenam
211 3817 341 3872 edificent
354 3817 452 3885 uitam,
467 3817 519 3872 alla
533 3818 567 3873 de
580 3818 719 3885 castitate,
734 3818 783 3873 alia
795 3817 830 3874 de
840 3831 887 3888 pa·
939 3815 1727 3891 nectuipsecuuequasti;tantummodoeispetistiinduigen-

104 3908 212 3976 tientia,
233 3909 283 3963 alia
302 3907 337 3965 de
354 3907 420 3977 lide,
435 3909 486 3964 alia
499 3908 533 3965 de
545 3907 739 3974 misericordia,
753 3909 815 3964 etsi
828 3922 887 3979 quaec
939 3908 1013 3974 tiam,
1024 3922 1083 3978 quas
1095 3914 1168 3964 recte
1181 3907 1462 3978 petiturachristianis
1469 3916 1577 3982 propter
1587 3911 1725 3968 abundan-

103 4004 167 4052 suut
191 4006 305 4064 caetera3
326 4013 379 4065 nou
392 3997 478 4054 solum
493 3999 625 4069 appetitur
638 3999 687 4054 riis
700 4007 727 4054 et
739 3999 888 4054 tramitibus
940 4005 992 4052 tem
998 3997 1264 4065 miserationemnon
1272 4004 1550 4070 propterpeeeatorum
1557 3999 1726 4071 parilitatem.

103 4086 139 4141 ita
151 4085 262 4142 dirersis
274 4088 317 4141 ilia
331 4089 428 4158 patria,
442 4103 533 4144 rerum
547 4088 626 4144 etiam
638 4089 776 4159 reperitur.
788 4089 888 4145 Namet
941 4088 998 4158 Ego
1019 4097 1106 4142 autem
1121 4101 1200 4157 surpra
1214 4087 1289 4157 posui
1302 4088 1429 4158 scripturn
1443 4089 1469 4143 iu
1488 4088 1594 4144 Litteris
1607 4088 1725 4149 nostris:

104 4176 131 4230 in
153 4174 296 4246 Scripturis
318 4177 416 4232 sanctis
437 4186 464 4234 et
479 4179 528 4234 rice
549 4180 688 4249 leguntur,
703 4188 729 4234 et
742 4178 782 4233 ria
798 4198 805 4234 ι
820 4179 886 4247 uiae,
943 4177 1123 4233 Uniuerroeriae
1132 4173 1236 4231 domini
1247 4176 1638 4253 naoatcermaetneritas(ttmt.
1649 4182 1725 4248 xx'tv,

104 4266 173 4321 sicut
194 4266 257 4322 illud
278 4275 335 4334 est,
356 4266 455 4323 liureio
473 4268 572 4339 iniquos
587 4269 639 4322 rias
652 4278 722 4336 tuos,
738 4278 761 4323 et
772 4268 843 4338 impii
855 4268 890 4322 ad
941 4269 1300 4342 id).Conseqnenturitaquc
1307 4269 1524 4338 misericordiam,
1533 4271 1554 4325 si
1563 4287 1615 4325 nnn
1623 4270 1728 4328 oderint

104 4366 129 4411 ta
146 4366 317 4413 convertentur
331 4358 416 4429 (Pani.
435 4377 465 4424 u,
486 4361 545 4430 liii;
561 4361 600 4414 ria
611 4401 620 4428 ,
633 4362 701 4416 sicut
713 4360 786 4429 illud,
802 4361 889 4417 Deduc
941 4360 1088 4415 ueritatem.
1100 4359 1164 4426 Qum
1175 4373 1227 4413 non
1240 4359 1314 4429 quasi
1325 4374 1399 4430 aeque
1407 4359 1584 4430 peccantibus,
1600 4376 1632 4416 nc
1645 4362 1668 4416 si
1682 4375 1728 4434 pe-

104 4462 145 4502 nae
161 4448 187 4501 iu
204 4451 244 4503 rio
253 4459 311 4517 tun,
325 4450 487 4505 etnmdninio
497 4451 522 4506 in
532 4455 683 4507 reniteretur
692 4451 888 4524 (Peniusxxr,
942 4449 1067 4506 tuiantius
1080 4448 1161 4504 locuti
1175 4449 1243 4515 sint;
1258 4449 1305 4506 sed
1318 4448 1352 4505 de
1368 4447 1469 4505 sceiere
1483 4436 1672 4506 immanissimo
1686 4459 1729 4507 at·

106 4537 161 4611 il)-
182 4539 242 4595 lion
257 4541 327 4607 alim,
348 4541 415 4608 iiia,
433 4540 483 4596 alia
500 4543 564 4606 ista;
584 4542 631 4598 sed
652 4558 745 4598 ontncs
765 4558 835 4610 una,
856 4543 890 4600 de
942 4556 993 4611 que
1003 4539 1084 4611 impio
1097 4547 1168 4595 recte
1182 4538 1370 4609 poenitentibus
1382 4539 1525 4596 christiano
1534 4539 1595 4612 jure
1606 4541 1727 4600 debetur.

106 4633 200 4704 quibus
222 4632 275 4687 aiio
292 4632 351 4688 luco
370 4632 462 4688 eadam
476 4641 566 4688 saneta
581 4633 715 4702 Scriptura
728 4633 807 4701 dicit,
824 4632 890 4689 iini-
942 4629 983 4685 'iu
1000 4644 1074 4696 rcro,
1094 4626 1135 4683 vir
1154 4628 1249 4684 merito
1273 4627 1422 4697 laudabilis,
1437 4644 1469 4686 nc
1482 4647 1572 4701 qrroesn
1586 4631 1634 4687 ista
1649 4647 1729 4703 para·

106 4725 236 4777 tersoeuioe
245 4721 889 4795 iicminiaurisericordioetoeritas(i’sui.xxtr,iii):
942 4717 1011 4773 dora
1030 4717 1179 4773 Stoicorum
1201 4718 1326 4772 sectanda
1341 4717 1437 4774 doceas
1456 4716 1620 4775 Paradoxum
1642 4722 1729 4791 tuu'm,

105 4827 165 4883 que
187 4813 209 4868 si
228 4811 367 4884 diligenter
389 4813 604 4879 considerentur,
629 4815 765 4884 copiosum
787 4815 892 4885 pariunt
943 4823 1021 4879 quem
1036 4807 1083 4863 tibi
1100 4817 1221 4878 optamus
1235 4822 1297 4863 vcra
1314 4809 1456 4880 pietateac
1472 4808 1594 4865 felicitate
1613 4810 1730 4881 grande-

106 4916 280 4970 oermouern,
302 4904 515 4975 intellectumque
543 4903 749 4973 suavissimum
774 4905 846 4976 quod
867 4908 891 4962 si
943 4913 1028 4955 scere.
1043 4897 1109 4954 liam
1123 4897 1729 4973 quidgenerosusadoiesccnssuperciniuuius,

106 5008 174 5064 opus
190 4991 283 5060 inerit,
300 4995 326 5050 in
340 5005 443 5066 tempus
455 4995 525 5050 aliud
539 4995 669 5052 diiieram.
943 4998 970 5046 et
984 4989 1030 5046 tibi
1045 4989 1093 5061 ipsi
1108 4989 1280 5060 periculosius
1301 4990 1396 5060 potest,
1420 5006 1498 5061 quum
1517 4993 1540 5048 si
1558 4994 1677 5050 conuicio
1702 4994 1730 5053 iu

143 5084 187 5139 ti.
203 5083 278 5141 Nunc
292 5094 397 5153 numm,
413 5085 482 5156 quod
498 5089 562 5140 satis
573 5100 633 5140 esse
646 5086 760 5142 arbitror
772 5101 818 5156 pre
831 5101 892 5142 sus·
944 5082 1085 5156 quemlibet
1097 5090 1250 5139 extraneum
1263 5081 1456 5150 lacedaemon
1470 5085 1530 5142 dieo
1549 5088 1730 5161 parricidium,

108 5183 186 5244 cepto
206 5175 292 5231 officio
311 5175 472 5231 rescribendi
493 5176 654 5232 Praeneste
679 5186 749 5245 ture,
766 5180 893 5250 quoniam
944 5175 991 5233 sed
1001 5176 1087 5247 ipsum
1100 5175 1128 5230 in
1138 5181 1239 5246 patrem
1247 5173 1393 5230 conuicium
1407 5178 1602 5248 conquisierit?

108 5263 892 5341 Citristusdixit,iigoruntuia(ionn.mr,ii),iuilioquaeremia
980 5266 1023 5324 id.
1037 5264 1230 5322 Conuenienter
1250 5265 1338 5336 itaque
1356 5265 1424 5338 apud
1442 5282 1493 5324 uos
1506 5283 1554 5340 pro
1567 5270 1667 5327 civibus
1680 5273 1733 5331 tuis

108 5362 148 5410 est
162 5355 342 5412 misericordia
353 5358 897 5432 otveritas3uesialibiquaesicrimuserre-'
944 5359 1011 5432 ogis,
1034 5357 1178 5430 ingerendo
1202 5358 1278 5414 nobit
1292 5359 1497 5416 misericordiam
1510 5361 1731 5436 Christianorum,

109 5462 185 5514 rnus,
198 5456 317 5503 tenentes
329 5458 495 5520 appetentem
510 5451 596 5519 riam,
609 5452 655 5509 sed
670 5469 721 5510 non
735 5455 814 5511 etiam
829 5472 896 5528 per„
944 5466 997 5508 non
1021 5450 1144 5506 duritiam
1158 5448 1306 5504 Stoicorum
1321 5467 1328 5502 :
1342 5466 1402 5521 quae
1419 5466 1534 5509 causrea
1548 5461 1574 5510 te
1592 5469 1732 5530 suscepta,

108 5535 257 5593 discentem.
274 5537 382 5592 Velutsi
394 5538 462 5594 bane
475 5540 557 5609 ipsam
571 5550 662 5615 tenere
674 5545 811 5615 reiicmns,
823 5549 892 5605 uude
945 5562 997 5601 non
1005 5542 1085 5601 modo
1099 5542 1162 5599 nibil
1180 5540 1343 5613 suffragatur,
1358 5558 1450 5599 verum
1465 5545 1543 5602 etiarn
1561 5548 1673 5605 multum
1686 5550 1735 5608 ati-

108 5628 231 5719 quiddam
251 5631 479 5697 commemorasti,
502 5635 590 5690 omnia
611 5647 716 5706 peecata
729 5653 789 5696 esse
800 5640 890 5712 paria,
945 5646 1075 5696 uersatur.
1086 5636 1152 5695 liam
1163 5636 1246 5709 ipsam
1259 5634 1477 5704 nriscricordiam,
1490 5654 1569 5709 quarn
1584 5641 1607 5698 si
1620 5657 1673 5698 uon
1683 5640 1735 5702 iun*

248 5718 358 5783 Seuer.
382 5726 519 5807 Accusr.
537 5725 576 5787 li·
1406 5732 1560 5814 (iudae.)
