3906 6390
267 329 335 388 atto
882 322 912 382 S
932 319 1116 381 litettstlttt
1132 318 1284 381 sessola
1854 331 1915 393 isto

267 463 311 503 are
325 446 406 502 luisse
418 454 510 502 ausura
522 441 573 499 tbi
589 430 680 498 dicere
693 439 772 496 liilenr
784 454 870 495 meunt
882 436 943 506 ,bis
958 437 1053 494 litteris
1106 446 1165 506 tra,
1178 438 1288 495 rcrbum
1299 438 1387 511 ipsam
1397 438 1646 514 erebrerepctens,
1663 450 1694 503 et
1704 443 1914 507 mamnes-

265 527 670 608 aecipeqnodcttolegas,etcui
680 528 941 603 voluerisleqendnm
951 529 1050 593 tradas,
1106 529 1202 597 tilans,
1216 539 1295 603 atquc
1309 532 1334 587 iu
1347 533 1468 590 concutis
1477 535 1610 608 majetnrn
1619 547 1792 594 uostrortrnr
1801 546 1913 599 conma-

263 638 292 683 et
310 627 380 698 quud
395 626 509 683 uolueris
524 625 639 682 vicissim
652 622 794 682 scribendo
808 623 865 694 ipse
879 619 1051 692 respondeas.
1106 629 1179 692 ptunr
1193 636 1422 693 eomnrenrerans,
1437 625 1612 683 veliementer
1625 630 1754 700 urgebas
1777 641 1808 687 ut
1832 631 1917 704 lqrsnn'

266 717 385 788 iniquum
400 723 443 774 est
457 718 528 774 enim
543 726 572 772 ut
587 713 746 788 quisquedc
760 712 813 769 alio
829 711 949 785 judicare
971 711 1052 778 uelit,
1106 713 1213 770 omnine
1227 713 1336 770 verbum
1348 715 1418 787 qued
1438 726 1479 772 est
1497 721 1623 786 ipsam,
1648 718 1677 775 in
1701 722 1816 779 sanetis
1834 722 1912 783 atses

262 816 288 863 et
302 804 413 878 judicari
424 807 458 864 de
471 823 500 864 se
512 807 588 863 notit.
1105 804 1323 870 ostenderemus:
1336 805 1412 862 nobis
1423 808 1502 863 ctiam
1513 808 1692 881 atqueetiarn
1706 816 1911 882 revucnrrituc,

298 897 325 950 a.
347 896 383 952 lit
403 897 436 953 dc
458 896 593 967 preterito
612 894 720 966 quidem
742 892 840 965 placito
862 900 968 957 nosne,
982 886 1053 961 quud
1105 895 1166 966 qnia
1190 895 1275 967 linquo
1291 906 1380 952 nostra
1395 912 1480 969 graeca
1497 912 1549 954 nou
1570 907 1664 965 esset,
1687 901 1775 972 prius
1789 902 1927 976 iruerpre,

263 986 386 1042 condicto
399 986 545 1042 meridiano
558 985 670 1055 implere
683 983 800 1050 noluisti,
815 982 892 1038 lacile
904 980 1052 1037 existimari
1107 985 1215 1042 ontbrm
1237 995 1264 1043 ct
1288 987 1472 1060 exponendum
1493 1003 1554 1044 esse
1571 989 1644 1060 quid
1656 991 1694 1046 slt
1711 998 1848 1062 ὀμὺσιιν,
1864 1007 1913 1053 tun

264 1085 350 1143 poten
364 1077 424 1148 quis
438 1086 559 1132 nestrum
571 1075 632 1131 lldei
647 1073 835 1131 suendueiam
847 1089 899 1130 non
911 1072 1051 1128 babuerit:
1105 1072 1212 1131 demum
1234 1076 1260 1131 in
1280 1074 1377 1132 diuitiis
1398 1076 1505 1132 Litteris
1526 1079 1730 1150 requirendum
1756 1100 1764 1137 ε
1787 1085 1850 1155 quia
1869 1098 1914 1142 ctu

261 1177 353 1222 atrurn
367 1165 414 1240 qni
428 1167 535 1223 uolebat
549 1174 578 1222 ut
589 1165 731 1229 diceretur,
746 1174 773 1221 et
791 1164 900 1221 tintebat
920 1179 955 1219 ne
976 1172 1052 1219 tenc·
1105 1163 1217 1221 tortasse
1230 1180 1325 1223 nornen
1337 1167 1421 1238 ipsum
1433 1183 1484 1223 non
1498 1168 1678 1239 inverniretur,
1695 1188 1746 1229 res
1758 1180 1853 1232 tannen
1864 1179 1914 1250 ipss

262 1268 351 1324 retnr3
365 1273 399 1313 an
413 1258 555 1329 quiesque
571 1256 640 1313 adeo
654 1255 761 1312 nolebat
776 1270 835 1311 eam
848 1254 1053 1326 disceptantium
1106 1254 1277 1313 inueniretur.
1292 1257 1360 1326 Quid
1375 1267 1417 1314 cst
1430 1259 1502 1315 enim
1520 1261 1748 1332 contentiosius,
1767 1281 1863 1337 quarn,
1876 1270 1916 1326 uti

259 1349 361 1418 judicio
380 1349 511 1416 subtrahi,
523 1357 552 1404 nt
564 1347 687 1404 mandata
702 1345 796 1403 litteris
816 1346 896 1403 uellet
916 1347 994 1402 etium
1015 1345 1053 1400 le·
1104 1346 1139 1401 de
1149 1360 1179 1402 re
1189 1356 1309 1414 cunstat,
1324 1357 1427 1404 certare
1437 1347 1470 1404 de
1484 1349 1612 1405 nominc?

260 1440 379 1510 quitiam
392 1439 526 1495 memorie
537 1436 727 1504 commendari,
741 1452 775 1492 ne
786 1437 924 1507 quisquam
934 1436 973 1490 rel
984 1435 1053 1490 obli·
1141 1436 1168 1492 5.
1184 1437 1317 1508 liecerqe
1329 1438 1390 1509 quia
1402 1439 1469 1494 inter
1480 1438 1593 1510 noriam
1607 1440 1750 1498 collocuti
1767 1445 1917 1516 summus,

182 1598 192 1609 ,
261 1531 341 1586 vitute
360 1531 500 1602 opinatus,
514 1530 556 1585 rel
573 1528 739 1585 dissensione
760 1529 893 1596 irritatus,
907 1527 1006 1584 diceret
1020 1528 1054 1583 ab
1105 1536 1277 1599 posteaquam
1292 1529 1325 1584 ad
1339 1527 1365 1585 id
1378 1519 1484 1586 rentum
1503 1538 1545 1586 est
1565 1538 1594 1587 ut
1614 1532 1704 1589 lidctn
1730 1543 1833 1605 tuam,
1856 1541 1920 1599 sieut

261 1622 351 1693 ntique
364 1630 482 1677 nostruin
493 1630 538 1676 aut
552 1636 604 1676 nou
617 1635 677 1676 esse
687 1620 786 1676 dictem
795 1617 865 1690 quod
876 1618 974 1674 dictum
985 1625 1051 1683 erat,
1105 1617 1330 1685 commemorari,
1343 1617 1474 1675 scriberes
1484 1659 1492 1687 ,
1503 1633 1663 1690 quanquam
1677 1622 1756 1680 nihil
1768 1626 1798 1682 in
1812 1629 1919 1686 cisrer·

260 1722 308 1769 aut
320 1713 417 1770 dictum
432 1727 492 1769 essu
506 1709 577 1783 qnod
589 1710 687 1766 dictum
709 1726 762 1766 non
782 1716 849 1765 erat.
870 1709 899 1764 lu
921 1708 962 1765 bis
983 1709 1053 1764 cuim
1105 1705 1147 1762 bis
1159 1707 1276 1764 riderem
1290 1718 1388 1766 nostre
1400 1709 1460 1766 lidel
1474 1725 1533 1768 esse
1545 1715 1741 1785 eontrarium,
1755 1729 1791 1775 et·
1800 1732 1920 1794 propter·

261 1803 348 1860 solent
360 1801 478 1858 latebras
495 1815 550 1856 stre
570 1799 647 1855 male
670 1798 832 1855 detensionis
852 1797 995 1869 inquirere,
1009 1798 1054 1868 qni
1105 1809 1136 1852 ea
1150 1812 1193 1853 me
1213 1797 1329 1855 dicerem
1346 1812 1465 1871 paratum
1483 1817 1544 1859 esse
1562 1805 1772 1875 subscribere:
1794 1816 1919 1885 praeiri,

259 1893 437 1952 contentionis
450 1899 515 1948 sunt>
525 1891 676 1962 cupidiores
687 1904 766 1961 quam
779 1888 908 1945 ueritatis.
930 1885 986 1943 lloc
1003 1903 1054 1942 au·
1105 1896 1137 1942 ut
1147 1885 1216 1955 dixi,
1233 1896 1319 1946 utrum
1329 1890 1464 1962 Scriptura
1478 1892 1524 1948 bei
1539 1895 1705 1954 cotrtlncret
1719 1899 1780 1958 lroc
1793 1905 1917 1973 runnu,

260 1994 312 2039 teni
328 1997 403 2039 neca
419 1991 443 2037 tc
457 1995 507 2036 nec
521 1997 537 2035 a
550 1993 602 2046 me,
617 1978 709 2035 accde
724 1985 750 2033 te
763 1976 859 2034 necdc
872 1975 979 2033 medici
992 1993 1054 2049 pos·
1104 1976 1178 2049 qued
1189 1976 1269 2033 Pater
1288 1990 1352 2036 esset
1363 1981 1488 2053 inqmittra
1499 1996 1510 2038 :
1520 1993 1548 2040 et
1560 1999 1626 2041 earn
1641 1989 1792 2062 scripturn
1806 2008 1868 2051 esse
1881 2011 1919 2052 re·

258 2084 308 2138 set,
321 2076 342 2131 si
357 2075 382 2129 in
399 2073 451 2129 lide
463 2071 576 2129 condicti
598 2084 786 2142 penuuuercs,
809 2074 838 2124 'ttt
860 2067 941 2124 rerba
962 2077 1053 2123 nostra
1104 2065 1273 2138 spenrbsses,
1285 2069 1425 2127 instantius
1438 2073 1590 2144 querebam
1606 2085 1639 2132 ut
1652 2081 1841 2140 ostenderes.
1851 2083 1920 2143 Tunc

256 2168 447 2236 'reciperentur
459 2163 690 2226 etseriberentur;
704 2158 852 2239 presertim
867 2155 928 2230 qula
948 2165 974 2213 tn
995 2157 1053 2228 ipso
1104 2173 1173 2214 unns
1187 2175 1219 2216 ex
1241 2161 1274 2217 iis
1293 2162 1337 2233 qui
1355 2163 1481 2233 aderant,
1495 2177 1627 2237 qrrantutn
1642 2169 1773 2246 intelligi
1786 2175 1877 2241 datur,
1893 2178 1919 2232 l·

268 2273 288 2311 n
302 2256 335 2312 iis
347 2255 438 2312 uerbis
453 2253 550 2326 quibus
563 2251 642 2308 fidem
657 2259 729 2306 tuam
745 2250 936 2320 pronuntiasti,
950 2249 1053 2321 quoties
1103 2248 1146 2305 dci
1159 2259 1209 2305 tum
1223 2252 1327 2317 secius,
1341 2253 1378 2309 ait
1390 2254 1453 2310 milri
1468 2272 1475 2310 ι
1499 2252 1570 2321 eutr
1582 2260 1676 2329 erqo?
1691 2268 1724 2316 ιιι
1738 2274 1844 2334 petrem
1856 2267 1920 2338 proi

257 2361 289 2403 ea
305 2345 435 2416 repetisti,
452 2343 529 2400 toties
543 2342 663 2409 variasti,
680 2339 751 2413 quod
766 2340 838 2396 nulla
856 2338 937 2396 credo
950 2337 1052 2408 lraudc,
1105 2338 1246 2395 murmuri
1257 2338 1390 2411 liespcndi
1401 2361 1407 2397 :
1420 2343 1476 2398 Ntttt
1487 2344 1558 2399 dieo.
1569 2344 1605 2401 Et
1619 2348 1667 2404 ille
1679 2366 1689 2402 τ
1701 2348 1739 2407 Si
1752 2369 1818 2426 erqo
1828 2358 1920 2426 emitur

258 2437 306 2494 scd
318 2437 453 2494 obliuione
465 2437 561 2492 laetatu
575 2448 645 2492 csse.
1104 2445 1154 2485 non
1173 2439 1226 2497 est,
1243 2431 1338 2503 lnqult,
1350 2433 1435 2504 utique
1453 2434 1579 2506 irrqeru'orr
1597 2447 1648 2493 est.
1659 2437 1719 2497 Cui
1733 2458 1812 2516 ego:
1829 2444 1919 2513 Vides,

293 2527 320 2583 3.
340 2527 406 2583 biam
423 2527 508 2600 primo
522 2525 612 2582 dixisti
627 2523 737 2581 credere
757 2533 783 2580 te
800 2524 827 2579 in
847 2520 930 2578 Deum
949 2520 1054 2577 Putrem
1103 2519 1227 2590 iuquam,
1242 2535 1321 2592 pesse
1335 2522 1393 2581 tert
1407 2531 1436 2578 nt
1448 2525 1527 2581 ctiam
1545 2525 1579 2582 de
1597 2530 1690 2587 verbo
1704 2535 1834 2606 quodie
1852 2538 1919 2595 Seri·

257 2619 469 2689 outrtipotcntent,
483 2617 648 2684 invisibilem,
664 2616 819 2688 irrqeuitum,
832 2613 1054 2687 incapabilemret
1103 2621 1181 2683 ptura
1194 2610 1243 2669 net
1258 2627 1312 2669 non
1334 2621 1391 2683 est,
1409 2615 1536 2672 reddatur
1549 2626 1641 2676 tomen
1656 2624 1739 2679 tatio
1754 2629 1833 2684 unde
1853 2641 1920 2687 two

257 2712 284 2765 in
304 2710 392 2765 lesuin
407 2709 535 2764 Christum
558 2707 583 2761 F
582 2708 654 2762 iliam
663 2709 730 2777 ejus,
747 2703 829 2759 beru
843 2705 872 2772 ¹,
888 2713 974 2758 uutrun
995 2714 1054 2760 ortte
1103 2704 1155 2760 dlel
1170 2703 1335 2761 ostendatur.
1353 2706 1402 2763 Sic
1415 2721 1478 2779 etant
1492 2715 1520 2764 et
1533 2714 1645 2777 ὁμιὺσιω
1659 2716 1744 2785 quod
1760 2717 1790 2775 ln
1804 2721 1918 2777 atteteri-

257 2800 362 2864 seculo,
375 2815 505 2871 perquem
520 2795 771 2868 [octesuntenruim
785 2794 1053 2865 erinspirirunsnn-
1103 2802 1158 2851 tate
1188 2795 1338 2852 divinorum
1372 2796 1514 2854 Librorum*
1543 2801 1724 2872 cogebamur
1756 2810 1917 2878 ostendere,

257 2901 334 2946 etum.
350 2890 450 2958 (nribus
461 2905 512 2962 epo
523 2888 636 2953 auditis,
650 2902 710 2942 cum
723 2885 919 2956 respondissem
935 2885 1052 2941 trundum
1102 2887 1207 2944 etiamsi
1227 2889 1383 2944 uocabulum
1406 2890 1492 2961 ipsum
1506 2891 1542 2948 ibt
1556 2907 1611 2948 non
1634 2893 1844 2969 lrrveniaruus,
1865 2902 1917 2960 deri

257 2995 274 3037 a
299 2990 325 3036 tc
342 2979 484 3051 quidquam
497 2977 597 3033 dictum
613 2975 684 3049 qued
703 2988 770 3031 mee
792 2974 852 3030 tidci
874 2983 1052 3047 repugnaret,
1103 2993 1181 3050 posse
1195 2989 1223 3034 ut
1243 2979 1308 3034 iliud
1326 2979 1490 3038 inveniamus
1508 2983 1550 3039 cttl
1571 2981 1627 3041 ltec
1648 2988 1831 3050 vocabulum
1851 3004 1916 3051 rese

257 3082 285 3128 et
298 3070 367 3140 iden,
382 3070 403 3126 si
419 3083 450 3126 ea
464 3069 626 3140 scripsisses,
641 3083 684 3124 me
697 3065 739 3121 lris
751 3063 831 3121 etiam
846 3080 925 3137 posse
936 3065 1054 3122 subscri·
1103 3069 1248 3126 adhibitum
1256 3070 1398 3141 judicetur.

255 3164 338 3226 bere;
357 3161 389 3216 ad
407 3159 458 3217 bec
478 3159 568 3216 neseio
588 3156 721 3231 quomedo
737 3171 780 3212 res
803 3156 929 3227 perducta
944 3165 1002 3222 est,
1022 3165 1053 3213 ut
1138 3159 1165 3215 b.
1190 3160 1292 3228 Quibus
1312 3162 1408 3230 dietis,
1423 3162 1486 3234 quid
1507 3163 1567 3220 irinc
1583 3164 1631 3221 tibi
1649 3168 1806 3230 rideretur
1819 3175 1912 3232 attendi

256 3254 365 3327 'aeurpta
380 3253 482 3319 clturta,
497 3267 528 3308 ea
539 3251 593 3323 ipsa
609 3266 668 3322 qum
679 3249 802 3315 dixeras,
818 3248 899 3303 velles
911 3248 990 3304 etiam
1004 3247 1050 3303 tit·
1102 3261 1130 3306 ut
1143 3251 1280 3321 audirem,
1294 3261 1322 3309 et
1341 3255 1419 3323 aisti,
1440 3254 1517 3310 llecre
1533 3259 1629 3326 {ortam
1654 3275 1716 3314 esse
1735 3271 1769 3317 st
1790 3266 1911 3338 inuenies

256 3348 320 3403 teris
335 3354 376 3400 tua
391 3361 469 3401 manu
489 3342 648 3413 exprimere.
664 3339 740 3408 Quod
754 3354 815 3394 curu
827 3337 892 3393 rnilrl
909 3337 942 3393 ad
961 3338 1051 3408 legen·
1104 3341 1366 3416 PoteriuScripturir
1379 3335 1534 3401 sanctisunt
1553 3348 1697 3418 diceretur,
1714 3371 1749 3408 ue
1762 3356 1808 3411 illi
1821 3358 1862 3412 ccl
1871 3359 1909 3411 tali

255 3436 318 3492 dnm
332 3435 469 3501 dedisses,
483 3431 656 3488 aninmdrerti
678 3430 766 3493 nutius
788 3435 813 3483 te
835 3426 982 3499 sertpstsse.
997 3427 1051 3482 Pu·
1102 3434 1174 3490 cubo
1189 3437 1257 3504 peret
1271 3435 1376 3506 injurie.
1390 3435 1469 3508 Ergo,
1480 3436 1597 3507 iuquam,
1616 3440 1705 3497 ntede
1720 3440 1797 3500 laeta
1816 3448 1905 3503 estin

252 3536 335 3594 trerrr,
349 3540 410 3580 cum
432 3523 601 3594 scripsisses,
618 3518 700 3574 Deum
713 3518 922 3589 curnipctentenr,
937 3514 1051 3570 irruisibi-
1099 3523 1168 3595 puin
1184 3524 1255 3590 ocu,
1269 3533 1296 3580 et
1308 3523 1358 3582 boe
1377 3540 1456 3581 ntunu
1479 3533 1533 3581 tua.
1554 3526 1614 3596 Quo
1631 3530 1904 3608 anniuersarium

255 3616 315 3683 brer,
329 3615 476 3689 iuqrnltunr,
488 3615 612 3670 irritatum.
624 3610 699 3680 Quod
711 3608 755 3664 ubi
770 3608 1050 3675 cenomannensium
1101 3615 1204 3686 coepisti
1218 3616 1285 3671 'nec
1297 3624 1323 3672 te
1335 3616 1385 3673 boe
1397 3617 1486 3674 dicere
1498 3615 1631 3676 debuisse.
1652 3619 1710 3679 Sed
1732 3640 1803 3682 crim
1817 3628 1904 3684 adine·

256 3716 316 3778 pest
329 3707 437 3760 nrultarn
450 3703 636 3775 allegationem
647 3698 790 3766 addidisti,
808 3696 930 3753 Putreut:
941 3706 969 3753 ct
981 3698 1051 3753 inco·
1102 3720 1192 3761 nerem
1206 3713 1249 3771 ut,
1264 3706 1286 3761 ri
1299 3706 1346 3762 tibi
1360 3707 1415 3763 tale
1423 3707 1557 3764 rideretur
1568 3708 1620 3765 boc
1633 3713 1755 3770 rer-bum
1773 3718 1849 3773 uraq
1862 3718 1901 3773 nri

256 3798 363 3871 perditem
372 3798 493 3871 quidem,
508 3795 578 3869 quod
593 3794 681 3851 rerbls
694 3793 814 3860 dixeras,
827 3792 926 3864 scripte
938 3801 1049 3864 praeter·
1100 3798 1243 3870 pertineret
1254 3796 1391 3869 iniuriam,
1407 3799 1510 3857 deleres
1522 3800 1586 3856 iilud
1598 3801 1665 3860 inde
1676 3803 1723 3861 ubi
1737 3811 1899 3881 scripseras:

254 3889 382 3953 miseras,
391 3887 437 3943 scd
446 3887 516 3941 nullu
532 3886 593 3941 binc
605 3899 671 3940 anre
685 3882 752 3940 lacta
764 3883 981 3938 commemoratio
998 3892 1048 3941 cst.

291 3981 317 4034 b
331 3977 432 4032 beiude
444 3991 504 4032 curn
521 3974 647 4030 dixissem
662 3987 705 4028 me
720 3980 840 4044 paratum
856 3987 916 4028 esse
934 3972 1050 4028 subscri-

254 4067 320 4122 bere
336 4065 423 4121 aliaue
444 4065 488 4120 illa
507 4061 587 4119 rerba
606 4062 685 4118 etiam
705 4074 765 4116 ntea
784 4073 844 4116 esse
861 4074 953 4130 posse,
977 4062 1049 4131 prius

254 4157 384 4228 quesivi,
408 4153 534 4226 nequod
561 4153 587 4208 in
617 4161 733 4208 mentem
757 4159 882 4219 venerut,
905 4151 1047 4221 laberetur,

256 4257 344 4304 utrum
374 4245 471 4303 alicubi
499 4244 695 4314 seripturarum
725 4241 874 4297 divinarum
907 4241 1047 4313 legeretur,

257 4340 337 4395 Peter
349 4337 481 4411 inpunitus.
497 4335 552 4391 lloe
563 4344 655 4390 atrurn
671 4332 738 4400 leri,
751 4333 812 4405 quia
828 4332 853 4388 in
867 4331 977 4388 exordio
989 4346 1047 4388 ser·

257 4431 343 4487 menis
367 4427 449 4484 nestri
464 4439 524 4483 cum
545 4426 664 4483 Ariuset
682 4424 828 4482 Eunomlus
847 4425 1047 4482 commemorati

254 4530 362 4588 essent,
382 4535 436 4576 non
450 4536 465 4576 a
483 4534 544 4588 tue,
564 4516 639 4574 seda
654 4518 735 4574 lratre
749 4532 811 4573 mco
830 4517 944 4589 Alypio,
956 4518 1047 4589 requi-

255 4622 333 4670 rente
347 4626 491 4684 quemnam
510 4624 602 4667 eorum
621 4617 728 4665 secutus
742 4615 813 4664 esset
825 4608 988 4676 Auseutius,
1003 4609 1048 4680 qui

254 4706 304 4763 abs
317 4717 342 4763 te
355 4704 501 4762 lucrataon
515 4708 595 4777 parra
605 4700 792 4774 predicatione
804 4699 942 4766 laudatus;
958 4699 1047 4755 escla-

255 4798 354 4856 mundc
365 4792 596 4854 anathematizasti
606 4802 634 4852 et
644 4794 736 4850 Arium
750 4801 777 4848 et
790 4789 951 4848 Eonctniom
968 4809 975 4848 r
992 4798 1046 4848 tum

254 4892 385 4947 ectrtinoo
400 4885 522 4959 liaqitasti
535 4894 563 4942 trt
575 4893 603 4942 ct
612 4898 661 4940 nos
677 4883 962 4939 atratlrentatiaarernus
976 4887 1047 4952 ὄρνι·

254 5006 319 5049 «rer,
341 4981 416 5052 quasi
437 4980 576 5050 quisquam
590 4975 670 5030 brimo
684 4980 764 5037 esset,
775 4975 820 5044 qni
835 4973 886 5028 bec
896 4983 1045 5039 necaretur,

255 5073 325 5128 sicut
337 5070 417 5126 brius
430 5077 458 5125 ct
472 5067 626 5124 liuuemius.
648 5063 747 5120 bciude
766 5062 938 5119 vehementer
958 5064 1046 5134 erige-

254 5161 303 5219 bas
317 5171 346 5218 ut
358 5162 410 5217 bec
424 5158 535 5216 rcrbuur
557 5156 605 5212 tibi
623 5155 651 5211 in
670 5154 816 5225 seripturis
829 5153 1044 5221 ostenderemus,

254 5265 283 5311 et
300 5254 388 5310 statim
404 5251 482 5308 uobis
500 5248 721 5306 communicares.
738 5245 957 5317 Respondebetnr
970 5262 987 5300 a
999 5262 1046 5300 nn-

254 5346 314 5411 bis,
327 5345 389 5416 qrtia
404 5357 453 5399 nes
468 5342 548 5397 latine
562 5338 743 5411 loqueremur,
756 5346 783 5393 et
796 5336 859 5392 illud
873 5351 1045 5409 preeuntes

254 5443 313 5502 ret,
330 5435 403 5506 prius
422 5431 594 5505 querendum
610 5444 671 5486 csse
683 5427 746 5500 quid
758 5429 792 5484 sit
805 5433 930 5498 imbres,
943 5437 970 5485 et
983 5437 1045 5485 turc

255 5523 413 5595 eripcrrdum
426 5531 456 5580 ut
471 5521 497 5578 iu
507 5520 594 5578 libris
607 5518 706 5577 sanctis
718 5517 913 5576 ostenderetur.
926 5516 966 5575 Τιι
978 5532 1044 5574 con·

285 5677 522 5741 «menaeus.
544 5678 861 5737 commeamus
878 5684 1044 5744 immun,

251 5740 466 5804 notescam&
953 5752 956 5759 ·

1100 3889 1290 3954 considerasti,
1303 3889 1400 3956 credo,
1415 3904 1493 3960 posse
1505 3890 1530 3946 id
1541 3900 1613 3948 recte
1625 3893 1700 3963 diei,
1719 3907 1751 3954 et
1766 3913 1848 3970 pisse
1859 3901 1900 3956 de·

1100 3978 1116 4034 l.
1126 3980 1186 4045 utli;
1201 3987 1229 4035 et
1243 3995 1334 4036 rursus
1346 3981 1406 4036 aisti
1420 4000 1426 4036 :
1445 3980 1554 4039 Prorsus
1561 4000 1609 4055 eqo
1622 3984 1672 4040 lice
1685 3987 1760 4045 albu.
1774 3990 1842 4047 ¹l'urn
1854 4007 1898 4063 earu

1100 4070 1166 4126 illud
1176 4073 1247 4141 quod
1263 4072 1320 4142 ianr
1337 4071 1458 4129 ducrum
1483 4073 1610 4146 repetiti,
1635 4077 1672 4133 ita
1688 4079 1755 4137 lieri
1773 4096 1853 4155 pesse
1871 4093 1897 4138 at

1099 4164 1179 4220 etiam
1202 4169 1309 4233 t'pedrtor
1332 4180 1417 4234 neque
1431 4164 1557 4237 seriptum
1572 4164 1598 4222 in
1611 4169 1717 4226 sancus
1741 4174 1848 4245 minis
1860 4172 1896 4227 iu

1099 4256 1229 4322 veniatur,
1244 4265 1271 4311 et
1282 4263 1371 4311 tamen
1385 4254 1483 4311 metron
1494 4256 1520 4312 iu
1534 4257 1683 4316 asseruere
1694 4259 1762 4319 lldei
1773 4263 1894 4320 delenda·

1100 4360 1158 4415 tur;
1173 4349 1241 4406 siurt
1254 4348 1358 4405 Putrem
1379 4348 1405 4404 in
1427 4348 1478 4404 illis
1499 4348 1585 4406 Libris
1607 4366 1743 4422 nusquam
1759 4356 1893 4428 inperitum

1098 4439 1225 4509 legimus,
1238 4447 1266 4494 et
1279 4451 1366 4498 romeu
1379 4437 1519 4494 dicendum
1532 4452 1593 4495 esse
1606 4439 1775 4501 delenditnr.
1792 4445 1866 4502 Turre
1878 4460 1891 4499 s

1098 4546 1141 4586 mc
1164 4529 1299 4593 cbartarn,
1315 4545 1395 4600 quam
1415 4528 1542 4597 dederas,
1558 4528 1690 4587 abstulisti
1712 4543 1744 4590 et
1763 4536 1892 4592 consedi·

1097 4622 1142 4679 sti.
1158 4621 1187 4677 Et
1202 4622 1402 4688 constituimus,
1417 4630 1478 4692 post
1494 4621 1669 4678 meridianum
1682 4630 1792 4698 tempus
1807 4637 1837 4684 ut
1848 4624 1890 4683 ad·

1098 4721 1188 4772 essent
1210 4709 1305 4770 noum
1325 4713 1360 4770 ad
1379 4711 1532 4784 excipienda
1545 4713 1627 4770 rerba
1640 4725 1838 4791 nostramque
1850 4719 1888 4774 ln·

1097 4814 1139 4861 ter
1163 4818 1212 4860 uos
1237 4804 1301 4870 ista,
1325 4812 1451 4875 quantum
1472 4817 1627 4874 possemus,
1651 4802 1813 4877 diligentins
1839 4816 1889 4863 tra·

1096 4907 1238 4952 staremus.
1342 4901 1344 4904 ’

1132 4988 1160 5041 l.
1173 4985 1313 5052 lenimus,
1326 4991 1356 5038 ut
1367 4982 1451 5052 nosti,
1463 4982 1500 5040 ad
1519 4981 1612 5040 boram
1631 4983 1798 5054 condictam,
1817 4997 1889 5044 uota·

1097 5079 1152 5134 rios
1175 5077 1346 5142 adducimus;
1371 5084 1400 5132 ut
1421 5087 1449 5133 et
1473 5078 1510 5133 tui
1535 5075 1678 5147 adessent,
1707 5082 1900 5147 conmffirnas,

1098 5169 1191 5224 biristi
1199 5183 1297 5224 rursus
1314 5167 1392 5224 iidem
1406 5176 1489 5229 tuane.
1504 5177 1584 5239 atque
1605 5169 1631 5223 iu
1654 5169 1748 5228 verbis
1770 5173 1825 5228 tuis
1839 5184 1887 5227 nou

1097 5257 1184 5314 audiri
1197 5258 1335 5329 inpertiam
1345 5255 1458 5312 Putrcru.
1469 5257 1557 5313 Credo
1567 5257 1640 5328 quod
1652 5261 1818 5331 cogitaretis
1829 5261 1888 5334 qnid

1095 5350 1158 5406 inde
1183 5364 1261 5404 manc
1285 5348 1384 5404 dictum
1411 5346 1506 5415 interit,
1532 5356 1559 5403 et
1582 5363 1736 5419 precessore
1763 5351 1888 5409 romeis.

1096 5439 1196 5496 Deinde
1208 5437 1350 5510 poposeisti
1363 5443 1393 5492 ut
1404 5451 1454 5508 ego
1465 5439 1546 5493 etiam
1559 5436 1678 5495 dicerem
1693 5439 1778 5499 lldern
1793 5457 1888 5498 rnatu.

1098 5530 1146 5590 Ubi
1170 5547 1231 5587 eum
1252 5530 1443 5600 postulassem,
1468 5543 1683 5589 commemorans
1701 5535 1889 5592 antemeridia

1096 5636 1159 5679 num
1173 5620 1298 5692 placitum
1319 5623 1454 5685 nostrum,
1478 5626 1508 5675 ot
1526 5630 1558 5675 ea
1577 5633 1638 5690 qtae
1651 5619 1775 5696 nitens,
1789 5624 1891 5684 dietate

1128 5737 1136 5770 r
1149 5731 1203 5784 ιιι.
1218 5739 1266 5783 am.
1277 5736 1316 5782 ir.
1329 5736 1354 5781 et
1361 5722 1473 5794 plerique
1481 5735 1546 5792 llsss
1557 5727 1639 5796 ⁶253·
