3906 6390
133 334 185 406 ἐι
737 310 1173 398 nrrsromuoucmssrsr.
1751 318 1791 411 iz

155 462 323 520 membranas
337 460 430 518 saltem
447 457 581 514 abumlaro
596 463 716 513 testetur.
729 454 853 511 Tabellas
865 453 945 510 ebur-

156 570 220 611 ueus
234 567 300 625 quas
312 551 397 608 habeo
408 591 416 619 ,
429 548 561 605 auunculo
576 557 695 602 tuocum
709 543 803 600 litteris
816 544 887 599 misi.
908 540 947 598 Tu

156 644 228 701 euim
241 641 303 698 lruic
312 640 441 714 pelliculae
453 638 555 695 lucilius
564 637 696 708 ignosces,
708 634 768 706 quia
783 633 883 690 differri
894 648 947 690 nou

157 736 242 808 potuit
255 733 328 806 quod
341 733 366 791 ei
380 731 486 803 scripsi,
500 739 529 788 et
542 729 589 785 tibi
609 743 662 785 nou
674 726 792 784 scribere
809 726 889 782 etiam
909 725 950 780 iu·

157 828 324 901 aptissimum
335 825 495 882 existimari.
506 822 560 880 Seri
571 821 692 887 tabellas,
703 821 725 876 si
736 836 795 891 quae
807 820 842 876 ibi
853 829 951 875 nostre

158 924 365 991 sunt,propter
386 914 537 986 hujusmodi
560 912 751 980 necessitates,
768 910 857 967 mittas
878 918 949 980 peto.

158 1003 571 1081 scripsiquiddamtlecotltolica
582 1001 718 1074 religione,
728 1008 856 1072 quantum
865 999 950 1055 Domi·

160 1115 211 1157 urus
226 1099 290 1155 dare
306 1097 431 1170 dignatus
442 1103 500 1162 est,
510 1093 583 1166 quod
595 1093 643 1149 tibi
659 1092 720 1148 volo
734 1099 796 1148 oute
809 1090 951 1147 adrentum

160 1205 248 1246 metm
262 1189 379 1256 mittere,
392 1187 415 1243 si
428 1186 520 1242 charta
533 1183 640 1241 iuterim
655 1198 708 1239 non
720 1182 799 1239 desit.
814 1181 952 1239 Tolerabis

159 1281 232 1341 erim
252 1279 473 1351 qualemcumque
501 1276 660 1347 scripturum
682 1289 715 1330 cx
738 1272 845 1329 otlieiua
870 1271 953 1341 maio-

161 1389 222 1430 ruur
235 1374 255 1427 ¹.
275 1372 314 1428 lto
327 1369 480 1436 codicibus,
491 1375 588 1438 practer
602 1365 684 1422 libros
694 1363 729 1421 tle
738 1363 859 1431 Oratore,
868 1370 952 1418 totum

162 1465 228 1521 milri
237 1463 345 1522 excidit.
358 1461 413 1519 Sed
423 1460 489 1516 nitril
499 1459 612 1532 amplius
621 1459 770 1515 rescribere
779 1457 862 1529 potui,
873 1471 952 1527 quam

162 1563 191 1610 ut
204 1555 260 1626 ipse
266 1568 386 1611 sumeres
399 1567 467 1624 quos
479 1552 585 1617 liberet,
596 1557 625 1607 et
633 1565 704 1607 nuuc
716 1550 742 1605 iu
755 1547 849 1607 eadem
858 1561 953 1604 manco

161 1647 302 1705 sententia.
314 1647 418 1703 tlbseus
432 1644 504 1702 euim
518 1643 581 1716 quial
594 1644 652 1714 plus
665 1643 758 1699 luciam
772 1659 825 1698 nou
836 1641 951 1698 insertio.

154 1737 157 1743 ’
198 1739 226 1793 2.
242 1737 427 1794 Gratissimum
447 1734 512 1790 milri
529 1743 587 1799 est,
600 1733 671 1805 quod
692 1734 719 1789 lu
737 1733 826 1789 ultima
841 1732 953 1803 epistola

162 1845 205 1886 rae
216 1828 370 1900 participem
379 1824 518 1882 domestici
528 1824 565 1881 tui
573 1822 659 1896 gaudii
669 1822 757 1880 lacere
764 1821 952 1889 voluistisml,

224 1968 292 2010 tteue
302 1958 360 2009 salis
379 1955 456 2008 ›lacidl
467 1956 561 2008 tultum
571 1956 708 2020 locutaque
720 1957 816 2021 quietos
871 1951 873 1957 ’

225 2020 357 2085 tgrsoratej
399 2021 440 2069 ‘sl

628 2077 708 2143 (Vtra
724 2076 861 2142 unua.)

164 2218 313 2274 quanquam
328 2218 377 2261 noc
389 2219 432 2258 me
444 2203 554 2274 jubeas,
568 2218 618 2259 noc
630 2203 687 2273 ipse
700 2203 814 2274 ignores.
830 2201 918 2268 Quare
932 2201 955 2256 si

164 2294 197 2349 ad
217 2295 311 2350 melius
332 2294 500 2364 cogitandum
521 2295 597 2364 quies
615 2293 702 2364 aliqua
724 2292 784 2347 data
809 2300 864 2357 est,
881 2300 956 2348 utere

164 2385 256 2441 tlirirro
269 2386 410 2441 bouetlcio.
426 2385 481 2442 Nee
498 2385 569 2441 caint
583 2384 711 2440 debentne
729 2383 816 2449 arabis,
831 2398 889 2438 cunr
907 2383 956 2438 ista

163 2476 388 2546 proueniuut‚setl
409 2477 461 2531 illis
477 2492 525 2546 por
538 2490 606 2547 quos
623 2475 795 2546 pun-onium,
808 2474 955 2545 gratulari:

162 2567 288 2640 quoniam
296 2566 378 2636 justa,
390 2575 417 2621 ct
428 2564 559 2633 olllciosa,
570 2573 597 2619 et
607 2579 655 2635 pro
665 2578 714 2619 suo
726 2578 825 2634 genere
838 2563 956 2633 pacatior

162 2663 243 2725 atque
264 2654 430 2724 tranquillior
452 2668 540 2710 rorum
559 2653 742 2722 temporalium
760 2652 956 2708 administratio

163 2744 375 2815 recipiendorum
388 2751 549 2799 eternorum
563 2743 686 2798 meritum
699 2743 798 2814 giguit,
813 2743 834 2798 si
850 2758 902 2798 nou
918 2752 956 2799 tc·

164 2842 225 2891 areat
237 2849 298 2890 cum
313 2842 432 2900 tenetur,
447 2848 497 2888 uec
511 2832 628 2903 implicet
644 2847 704 2887 cum
719 2832 918 2903 multiplicatur,
933 2833 955 2889 si

163 2943 215 2982 nrm
226 2942 287 2983 eum
301 2937 410 2998 pacatur
422 2928 432 2958 ¹
448 2925 575 2981 inuoluat.
595 2924 679 2996 lpsius
692 2924 762 2979 enim
773 2924 899 2981 Veritatis
909 2939 956 2981 ore

162 3006 261 3072 ‹lactrrm
273 3026 313 3072 est
326 3035 332 3071 :
343 3015 373 3072 st
383 3018 409 3071 r'rr
419 3016 501 3070 aliearo
512 3015 599 3086 fideles
612 3031 661 3070 aorr
672 3015 763 3086 fuistis,
774 3015 956 3087 quodaestrum

162 3117 199 3165 est
217 3109 273 3180 puis
288 3109 356 3163 dubit
370 3108 438 3164 rubis
450 3107 525 3182 (lae.
537 3124 593 3175 sur,
606 3107 669 3176 llll?
681 3107 788 3162 Laxatis
807 3123 871 3179 ergo
885 3108 956 3165 cirris

162 3198 330 3257 surrrtabilium
343 3213 442 3265 rerunt,
459 3199 526 3254 lroua
546 3197 649 3255 stabilia
669 3207 696 3253 et
710 3206 780 3253 corta
794 3212 954 3268 qrturamus,

163 3289 364 3361 suporrolcmus
375 3288 488 3343 terrenis
499 3287 594 3358 opibus
608 3288 714 3342 uostris.
732 3286 798 3341 llam
811 3298 838 3342 et
851 3287 876 3341 iu
887 3288 956 3342 ruel-

164 3380 196 3435 lis
208 3381 301 3450 eopia,
317 3395 369 3435 nou
392 3377 491 3435 trustra
512 3392 613 3449 pennas
633 3378 714 3433 lrabct
734 3377 858 3447 apicula,
879 3386 957 3433 uocat

163 3471 235 3525 cuim
249 3469 406 3526 laurentem.

410 3576 574 3639 ertsacta
594 3574 729 3651 aaran)

168 3712 958 3786 lltrsimspraruuraticusMadaurerrsisluprrrtr'rro,excussus

184 3856 187 3863 .
201 3801 598 3877 aPapauisuuurulleamuariis
607 3802 748 3857 uostrirrilus
757 3802 958 3871 coli,itrrliprrous

199 3904 310 3950 mortuos
323 3895 435 3950 ltoaairres
448 3892 565 3949 Gentium
578 3892 627 3947 diis
640 3893 765 3961 praeferri,
780 3893 888 3947 irrideus
903 3892 959 3946 Pu·

186 3986 257 4040 mica
268 3984 385 4056 qrroedaru
400 3986 521 4049 raouuua,·
534 3983 716 4054 perstricturus,
726 3983 870 4053 upiuuurur,
881 3982 956 4037 Clari·

199 4078 311 4143 stlattas,
334 4076 401 4146 quod
423 4084 599 4131 uerrerureutur
621 4075 737 4144 sepulcra
757 4084 912 4145 rramtprruu,
927 4091 959 4128 ue

200 4177 290 4223 antuus
302 4167 370 4237 qaod
383 4165 505 4237 profanas
517 4166 551 4218 aa
563 4181 611 4219 suu
623 4180 697 4219 sacra
708 4180 758 4218 stou
768 4164 940 4218 auerrittereut.

188 4314 192 4321 -
271 4293 368 4337 unsara
388 4290 570 4334 uunauunusrs
588 4275 599 4310 ³
618 4292 651 4332 an
671 4291 846 4333 incusamusa.

202 4392 228 4449 l.
252 4390 333 4446 tumr
347 4389 433 4445 crebro
450 4389 499 4445 tuis
513 4387 632 4456 affatibus
652 4387 791 4457 laetificari,
807 4398 830 4441 rt
840 4388 958 4443 iustiucta

165 4485 201 4537 tui
215 4482 348 4549 sermonis,
356 4497 406 4552 quo
421 4496 459 4535 me
470 4479 547 4550 poulo
561 4489 617 4532 aute
626 4478 808 4550 iracuuaimime
817 4478 887 4532 salua
897 4479 958 4532 clu-

169 4576 243 4629 rfrrrre
255 4574 372 4646 pulsasti,
386 4572 458 4644 paria
472 4572 601 4626 rerllribere
615 4588 665 4625 riou
678 4571 778 4640 destiti,
792 4588 823 4626 uc
833 4573 958 4637 silentium

168 4681 249 4721 etrum
273 4664 452 4735 poeuiturliueur
465 4662 615 4734 appellares.
639 4660 693 4716 Sea
713 4679 796 4732 arrasa
819 4672 844 4727 at
864 4664 886 4718 sl
905 4664 959 4720 boee

166 4746 239 4825 qrrusi
252 4756 343 4811 sectiles
357 4763 426 4809 artas
441 4769 493 4809 erse
505 4753 617 4820 auarus,
631 4753 793 4824 berripuururu
807 4753 905 4821 aramum
918 4755 958 4809 irs-

168 4846 299 4920 rlttlpeutia
313 4845 483 4916 marcquaris.
500 4842 637 4915 tttpnpum
658 4855 765 4898 moutam
785 4844 888 4898 deorum
907 4862 961 4912 esse

168 4920 351 5005 trubitaculum,
365 4937 411 4992 sub
424 4935 519 4990 iueertu
531 4933 582 5004 fiale
596 4932 694 4993 Graecia
706 4934 843 5006 [ariolator.
858 4937 889 4990 Ar
902 4952 959 4993 cero

200 5072 209 5105 ¹
221 5075 277 5120 ttss.
294 5077 392 5134 septem
407 5069 512 5128 habent,
524 5079 557 5118 oa
567 5065 661 5139 officim
672 5062 784 5129 amorius·
793 5078 801 5126 ;
811 5068 961 5136 antiquiores

167 5131 225 5181 tall.
244 5132 274 5204 erl
296 5132 447 5195 urarpinem,
468 5143 501 5181 eu
518 5126 612 5241 operatu
631 5140 746 5199 amentata.
760 5136 828 5198 ⁸ttutu
846 5129 907 5179 torte
925 5134 961 5203 sio

168 5199 254 5264 textus
265 5191 476 5255 raterpungemtus
490 5198 529 5242 cst
558 5200 595 5242 aa
605 5189 698 5256 affluam
715 5200 835 5277 marorum
850 5189 881 5240 rte
892 5193 969 5269 cortr-⁴

168 5252 366 5378 ‘lllssfgffigfope
377 5326 471 5373 omnes,
482 5293 588 5376 putatur.
600 5314 670 5365 torte
681 5325 724 5376 pro
735 5317 851 5377 portatur.
953 5288 955 5293 Ι

201 5378 248 5426 ⁸tn
262 5384 315 5427 ttss.
333 5376 411 5426 uilius
426 5376 540 5425 sumimus
551 5376 711 5426 tudaurensrs
724 5374 877 5426 Grarmuutici
891 5375 961 5427 titulo

168 5438 282 5550 douaffi
296 5498 369 5561 aptet.
382 5504 409 5548 et
423 5503 479 5548 xt'tt
494 5497 525 5547 ad
536 5500 661 5548 niaximum
672 5501 801 5549 reeerrsitre
819 5508 875 5550 suut
889 5500 919 5549 au
935 5513 958 5549 a.

169 5574 193 5609 a.
211 5559 245 5610 bl.
264 5561 306 5611 bn.
321 5560 364 5622 bg.
379 5573 401 5610 c.
418 5572 453 5610 oe.
472 5560 497 5608 ll.
509 5573 542 5670 f.
558 5574 598 5623 gr.
611 5560 670 5643 ³:¹¹·
681 5574 702 5611 r.
721 5573 742 5610 s.
762 5561 798 5610 so.
819 5570 837 5613 t.
849 5560 959 5614 duosve.

169 5622 277 5684 ulloque
289 5636 312 5671 r.
325 5626 352 5670 et
368 5621 397 5670 utl
410 5629 459 5670 tm.
478 5628 532 5671 ua.
551 5627 588 5670 ur.
600 5629 653 5671 tot.

170 5681 353 5801 wtggtagogl
365 5696 370 5732 :
383 5694 439 5787 que
450 5691 533 5735 autern
547 5682 577 5735 tu
588 5690 653 5745 erat,
666 5682 778 5736 nuncil.
790 5685 880 5748 serta-ta
898 5683 960 5736 torte

1003 463 1096 510 austrae
1105 454 1172 510 urbis
1182 455 1265 526 larum
1278 457 1427 515 salutarium
1437 463 1569 517 rrarrrirram
1583 464 1722 536 [reparatio
1729 450 1792 536 pos'·

1003 564 1097 602 aarum
1111 566 1156 603 uos
1167 550 1290 604 ceruimus
1302 561 1325 606 et
1340 553 1484 622 probamus.
1509 554 1633 626 Equidem
1648 574 1793 615 cruentasse
1826 554 1830 582 ²

1003 638 1085 694 Deum
1098 657 1237 708 samaram,
1249 643 1304 698 siue
1315 643 1463 711 initia-siue
1478 647 1549 717 prole
1562 658 1672 717 uetare,
1685 667 1731 706 cea
1744 668 1793 721 pa·

1003 743 1065 786 treru
1075 750 1195 804 amanum
1207 743 1282 805 utque
1295 737 1467 808 mapaifieum,
1480 739 1536 809 qais
1548 747 1600 794 mm
1614 741 1725 810 meus,
1741 752 1795 802 tuus

1003 833 1084 879 aserue
1095 833 1184 896 captus
1198 833 1270 898 arpet
1283 842 1336 881 esse
1345 827 1533 884 certissimam?
1551 829 1637 896 lluius
1655 847 1701 888 aas
1712 833 1794 887 sirtar-

1003 925 1038 970 tes
1051 931 1095 984 per
1109 915 1264 970 amulorum
1276 933 1340 986 opus
1353 915 1472 985 diffusas,
1487 918 1573 988 atmiis
1582 920 1708 977 tumbalis
1720 923 1794 978 irruo·

1004 1022 1089 1060 coruus
1101 1046 1109 1073 ,
1123 1007 1244 1077 quonium
1256 1022 1346 1062 nomen
1366 1008 1421 1079 ejas
1434 1009 1517 1063 cuncti
1539 1010 1669 1080 proprium
1681 1013 1796 1067 uidelicet

1004 1099 1160 1170 immaurus.
1180 1097 1250 1153 Num
1268 1097 1337 1154 Deus
1355 1099 1470 1155 omuibus
1483 1100 1647 1171 religionibus
1663 1117 1796 1160 murmuris

1005 1205 1094 1243 nouare
1105 1197 1150 1244 est.
1170 1187 1213 1243 lta
1226 1189 1255 1258 fit
1273 1199 1299 1243 ut
1310 1189 1373 1243 dum
1388 1189 1445 1260 eius
1464 1190 1537 1260 quasi
1556 1190 1672 1261 mutans
1685 1194 1796 1248 meamea

1005 1281 1121 1352 carptitrt,
1135 1281 1211 1336 uariis
1224 1280 1449 1352 supplicationibus
1460 1281 1645 1352 mosmiatttr,
1658 1290 1738 1343 tutsut
1749 1300 1796 1340 eu·

1005 1374 1056 1428 lere
1067 1376 1179 1444 protecto
1190 1373 1332 1430 maemnar.

1039 1464 1067 1518 ἢ.
1087 1463 1140 1519 Seri
1153 1463 1325 1534 impatientem
1335 1480 1375 1520 me
1386 1480 1439 1522 esse
1452 1465 1516 1520 tauri
1525 1465 1628 1532 moris,
1636 1464 1797 1521 disumame

1005 1571 1056 1610 arou
1068 1569 1179 1625 possum.
1193 1553 1255 1620 Quis
1267 1554 1334 1608 errius
1350 1556 1415 1624 [erm
1427 1553 1485 1610 lori
1499 1554 1607 1628 {utemur
1614 1552 1721 1609 miranti
1730 1569 1796 1624 pras·

1006 1648 1067 1716 ferri
1080 1647 1233 1718 llppdoaem
1244 1648 1269 1712 ¹,·
1282 1644 1390 1715 lunoni,
1407 1645 1537 1714 lliaerroe,
1552 1645 1652 1714 Veneri,
1669 1645 1798 1716 Vestaeque

1005 1734 1118 1791 Saaaeas
1128 1777 1135 1801 ,
1146 1746 1169 1790 et
1182 1736 1292 1802 curatis,
1306 1735 1371 1807 prob
1385 1739 1457 1807 nesus
1468 1735 1478 1789 l
1490 1734 1539 1789 uiis
1550 1732 1733 1790 immortalibus
1750 1750 1795 1787 ur-

1005 1826 1184 1896 ebr'rrrurtprem
1198 1823 1440 1896 Naarplroaioaerrsl
1454 1824 1520 1878 iuter
1532 1839 1596 1894 auos
1604 1822 1707 1879 Laertes
1720 1823 1797 1878 etium

1006 1916 1075 1971 troad
1084 1916 1181 1970 minore
1191 1916 1260 1970 cultu
1272 1914 1437 1985 suspicitar¹,
1444 1923 1519 1983 atoue
1527 1914 1572 1969 ulii
1583 1914 1742 1969 interminato
1752 1930 1797 1969 nu·

1006 2023 1075 2063 suero
1083 2005 1338 2078 (diisbomirribusaue
1347 2005 1435 2061 aalma
1445 2004 1559 2076 unauna)
1572 2005 1615 2074 qui
1623 2005 1798 2060 maxientia⁸

1006 2097 1172 2166 nefandorum
1185 2097 1343 2168 immotum,
1355 2096 1438 2167 speeie
1456 2094 1572 2166 pluriores
1588 2095 1676 2148 morab
1685 2133 1693 2160 ,
1702 2093 1798 2148 scelera

1006 2204 1053 2241 suo
1060 2187 1192 2243 sceleribus
1203 2185 1369 2253 euarutautes,
1378 2185 1485 2257 aipuum
1494 2183 1604 2239 ornatas
1614 2183 1735 2254 {artisque
1745 2184 1799 2238 suis

1007 2279 1101 2333 enitam
1110 2278 1230 2333 ameulati
1240 2285 1396 2347 repereram.
1419 2274 1517 2330 ilerum
1532 2275 1614 2340 baua,
1624 2274 1647 2328 si
1658 2282 1799 2329 meatoratu

1008 2373 1177 2442 diplomat,
1191 2370 1285 2424 relictis
1298 2368 1412 2438 templis,
1426 2366 1544 2439 aspiretis
1558 2367 1684 2438 majoram
1694 2380 1800 2420 suorum
1847 2420 1854 2429 ,

1008 2460 1138 2526 asaailus,
1151 2459 1220 2514 stulti
1238 2462 1410 2529 framentum,
1423 2458 1460 2511 r'ta
1473 2465 1500 2510 ut
1520 2455 1672 2527 praerupium
1688 2454 1752 2510 ratis
1764 2454 1799 2508 il-

1008 2551 1057 2605 lt'us
1070 2550 1172 2620 iradipue
1183 2547 1285 2618 [mentis
1298 2546 1425 2601 emineat:

1069 2647 1142 2702 tuque
1153 2645 1229 2688 neum
1240 2635 1338 2699 templis
1345 2636 1434 2700 jurarit
1445 2641 1514 2686 uonna
1524 2645 1570 2697 per
1577 2634 1683 2684 mubrss.

1505 2695 1644 2759 (imaum.)

1007 2804 1058 2862 Sed
1071 2803 1134 2859 milri
1150 2803 1200 2859 trac
1209 2811 1366 2874 tempestato
1380 2799 1570 2872 propemodum
1584 2798 1686 2856 ridetur
1701 2797 1799 2854 trellum

1008 2894 1145 2949 Actiacum
1164 2892 1175 2923 ⁸
1197 2906 1288 2948 rursus
1301 2900 1441 2959 exortum,
1461 2906 1515 2963 quo
1535 2889 1659 2962 AEpyptia
1680 2897 1799 2945 monstra

1008 2985 1036 3039 iu
1046 2984 1228 3039 Romanorum
1242 2980 1431 3040 uoosauucam
1442 2981 1492 3037 tela
1501 2982 1615 3046 rilrrare,
1624 2980 1733 3036 minime
1746 2982 1798 3036 tlu-

1007 3083 1106 3130 satura.

1047 3167 1074 3221 ὅ.
1095 3165 1148 3221 Sed
1159 3166 1224 3220 illuri
1237 3181 1331 3236 rpaoeso,
1348 3164 1387 3220 eir
1397 3165 1590 3237 sapientissime,
1603 3163 1641 3217 uti
1652 3171 1747 3218 rearoto
1759 3158 1783 3232 Γ

1009 3258 1108 3312 candiae
1127 3257 1217 3313 robore
1232 3267 1306 3326 atque
1323 3258 1445 3328 exploso,
1468 3273 1518 3328 qua
1538 3255 1635 3310 coactis
1649 3256 1733 3310 clarus
1752 3272 1778 3309 cs
1789 3296 1811 3332 ,·

1009 3350 1107 3404 orttissis
1119 3333 1195 3404 etiam
1208 3347 1296 3418 auibus
1312 3365 1425 3420 paquare
1441 3349 1538 3405 saleim
1552 3347 1714 3418 Clrrpsr'ppeis
1723 3364 1803 3418 orare,

1009 3440 1109 3504 mentis,
1123 3438 1261 3508 postposita
1278 3436 1409 3506 paululum
1424 3439 1572 3511 dialectica,
1594 3453 1651 3506 quoe
1668 3420 1816 3511 aereorum„

1009 3545 1111 3583 strormu
1123 3526 1257 3582 lrrrtamiue
1269 3527 1334 3582 uilril
1343 3529 1404 3584 certi
1416 3529 1531 3598 culpatam
1543 3529 1684 3603 relirrauere
1695 3531 1798 3594 aititur,

918 3660 921 3665 .
1009 3620 1065 3688 ipsa
1075 3635 1101 3673 re
1112 3617 1246 3689 approbes,
1260 3618 1316 3689 auis
1328 3618 1360 3673 sit
1374 3619 1420 3673 iste
1432 3619 1801 3695 lleusqueuteobis,l1lrristiu5

1010 3708 1047 3772 ui,
1058 3709 1129 3780 quasi
1139 3709 1270 3780 proprium
1280 3709 1423 3774 uiurlicotis,
1437 3719 1460 3763 et
1474 3710 1500 3764 iu
1512 3709 1573 3766 loeis
1586 3711 1678 3783 abolitis
1688 3725 1800 3783 praeseu-⁴

1010 3807 1059 3853 terra
1071 3815 1114 3853 cos
1123 3799 1207 3853 uidere
1219 3799 1380 3870 eoarpouitis.
1394 3798 1450 3855 Nos
1463 3801 1555 3865 eterrim
1568 3801 1628 3875 aeos
1636 3812 1734 3858 uestras
1745 3788 1801 3877 lure

1010 3890 1095 3959 pulum
1109 3897 1166 3944 uate
1182 3889 1268 3944 oculos
1282 3899 1357 3961 utque
1375 3904 1448 3961 aures
1466 3891 1578 3964 aurariam
1591 3893 1736 3956 arortaliuur
1751 3894 1813 3964 piip

1012 3981 1125 4051 precibus
1141 3982 1287 4051 odoramus,
1299 3993 1323 4038 et
1344 3999 1389 4053 per
1407 3999 1495 4053 suares
1517 3985 1611 4051 bestias
1628 3987 1749 4057 propitios
1760 4003 1803 4053 uu·

1010 4077 1047 4130 bis
1061 4075 1190 4145 officiatus,
1202 4082 1225 4129 ct
1235 4090 1250 4127 o
1260 4075 1355 4130 ruttctr's
1368 4075 1421 4130 ltoec
1432 4075 1500 4141 carri
1519 4084 1542 4130 et
1554 4062 1656 4149 probari
1669 4078 1801 4147 coarteudi·

1010 4182 1074 4221 atus.

1046 4257 1073 4326 b,
1094 4255 1147 4323 Seri
1166 4256 1270 4323 ulterius
1289 4256 1352 4332 lruie⁴
1367 4255 1498 4310 certaurirrl
1520 4272 1559 4325 ure
1580 4272 1657 4315 seaea
1676 4258 1804 4314 iuoalirlus

1011 4347 1151 4416 subtrulro,
1174 4356 1197 4401 et
1212 4346 1237 4401 r‘u
1259 4346 1405 4414 seutentiam
1424 4344 1559 4413 llautuurri
1574 4347 1681 4404 ritetoris
1699 4349 1804 4406 libratu

1011 4455 1110 4510 'mo'
1257 4507 1657 4581 trahitsuaqucmquosplot-tas.
1708 4578 1711 4583 .
1759 4508 1765 4517 '

1459 4572 1481 4632 (t
1491 4583 1538 4637 ap.
1550 4584 1576 4623 ut
1588 4582 1646 4623 aue.
1658 4572 1708 4629 tert.
1719 4573 1755 4636 2.)

1013 4675 1076 4735 Post
1086 4673 1140 4729 lra‘c
1152 4690 1203 4728 auu
1211 4672 1307 4739 alanta,
1316 4672 1354 4726 eir
1364 4671 1464 4736 erinae,
1473 4672 1542 4742 auia
1552 4688 1607 4727 rstea
1614 4682 1680 4728 secur
1688 4673 1801 4740 deviasti,

1013 4768 1078 4820 isaac
1090 4765 1221 4836 epistularu
1239 4763 1380 4834 aliquorum
1400 4766 1468 4833 furto
1479 4762 1627 4828 detractum,
1641 4763 1750 4832 rimantis
1763 4763 1804 4817 rel

1012 4855 1121 4927 quolibet
1129 4862 1202 4923 pacto
1212 4852 1359 4923 perituram.
1370 4850 1472 4917 Quodsi
1480 4851 1610 4918 arctante,
1626 4852 1672 4905 erit
1681 4852 1802 4905 aaarrrum

1013 4945 1144 5008 clurtuloe,
1159 4959 1210 4997 rroa
1232 4940 1311 4996 nostri
1327 4941 1459 5005 senueris,
1482 4942 1556 5010 crpus
1580 4943 1709 5012 eaeruplar
1728 4958 1802 5010 praes

1012 5050 1098 5091 omues
1115 5032 1246 5105 relipiosos
1264 5039 1385 5101 perpetuo
1396 5029 1515 5084 retinebo.
1536 5028 1577 5086 Dii
1592 5040 1615 5085 te
1628 5042 1740 5096 seruent,
1757 5050 1804 5103 pes

1012 5143 1075 5200 auos
1085 5136 1108 5183 et
1123 5141 1209 5181 eorum
1226 5133 1301 5196 atque
1313 5133 1460 5179 sauctorum
1470 5123 1625 5177 'atmmliuar
1646 5120 1810 5199 erirrrruuueas¹

962 5290 966 5295 ⁴
1025 5230 1028 5235 ’
1045 5256 1120 5304 rpffi,
1132 5250 1259 5303 dumam
1272 5248 1413 5319 pippinum,
1427 5263 1455 5301 ae
1466 5248 1536 5314 paulo
1551 5259 1605 5314 post
1619 5240 1711 5305 habeut
1728 5242 1804 5318 plen·

1012 5329 1075 5382 que,
1087 5324 1201 5366 suuuruu
1211 5323 1360 5377 prosaraueru
1371 5326 1380 5364 :
1392 5310 1500 5363 nonnulli
1511 5313 1584 5364 etiarn
1594 5315 1804 5379 rtmtplrusrururaa,

1014 5391 1056 5440 pro
1067 5374 1230 5441 uuarplsaas'ou
1242 5388 1275 5425 m.
1285 5380 1356 5424 usuro
1368 5372 1507 5425 celebratur
1518 5383 1607 5440 martyr
1618 5377 1766 5442 narrtplumsu
1778 5381 1807 5437 iu

1013 5437 1161 5502 martyrolog.
1177 5445 1241 5487 ttom.
1254 5436 1283 5485 art
1293 5435 1385 5499 cliemt
1392 5433 1457 5497 julil.

1044 5503 1055 5532 ¹
1067 5501 1246 5563 assuetaque,
1257 5495 1395 5560 suscipiere.

1041 5562 1056 5631 '³
1067 5558 1237 5631 passumus:
1253 5564 1332 5629 arque·
1345 5555 1396 5619 alia
1411 5558 1561 5612 mterarusuto
1571 5574 1684 5621 munero,
1696 5562 1745 5614 aliia
1762 5563 1804 5615 bo

1014 5621 1161 5685 meatusque
1172 5620 1255 5671 oatosu
1266 5627 1371 5691 murnum,
1385 5632 1440 5691 auus
1455 5619 1550 5673 cauma
1559 5625 1725 5686 memmerunt,
1738 5633 1779 5675 etc

1045 5684 1186 5753 *useocto
1197 5695 1203 5731 :
1215 5680 1307 5732 uellam
1318 5687 1458 5754 rcuutsemu
1472 5695 1556 5743 rursus
1571 5691 1688 5736 exortura.
1700 5695 1805 5753 quatuor

1015 5750 1077 5806 tut,
1094 5749 1224 5796 ceraticum.
1236 5740 1279 5794 alii
1289 5742 1355 5804 eud..
1368 5750 1497 5801 retucua-
