3906 6390
245 288 299 347 m
860 277 890 335 S.
912 269 1094 333 sucosam
1114 268 1267 327 EPiSClle
1853 270 1888 329 u

247 403 292 457 ltie
306 401 358 473 agit
377 399 492 456 charitas
513 397 675 463 christiana,
692 393 841 466 presertim
858 407 918 447 com
939 389 977 444 illi
994 386 1039 458 qui
1093 399 1109 439 a
1123 401 1152 440 se
1165 386 1216 441 sibi
1232 384 1311 441 illatis
1324 385 1462 457 suppliciis
1479 383 1701 457 pnsjicteltantt
1761 388 1764 393 '

247 509 311 551 tuas
322 500 422 546 mortes
440 488 602 544 voluntarias
616 494 643 542 et
657 485 771 540 furiosas
785 483 936 549 ntinantur,
952 481 979 535 ln
993 494 1041 549 po·
1130 475 1173 530 16.
1193 474 1341 530 llorrebaut
1362 475 1413 531 ista
1436 476 1546 546 plurimi
1571 476 1605 531 iu
1631 476 1697 546 ipsa
1727 476 1890 546 superstitisa

247 584 369 654 polorum
389 578 587 635 liberandorum
606 574 805 646 comparatione
825 571 950 644 perpauci
969 569 1041 626 sint?
1093 564 1220 623 heretica
1233 568 1385 634 constituti;
1397 576 1426 624 et
1437 582 1498 625 cam
1517 569 1701 625 innocentiae
1721 583 1782 626 sue
1795 567 1891 627 sublaat

247 671 316 743 Quid
335 671 389 742 agit
408 684 472 740 ergo
491 668 608 723 fraterna
627 665 754 721 dileetio?
767 673 856 719 utrum
872 662 934 718 dum
950 659 1042 732 paucis
1094 657 1287 714 arbitrarentur
1301 658 1371 730 qood
1384 659 1435 715 sibi
1456 659 1519 715 talia
1542 659 1760 731 displicerent,
1780 659 1890 717 dicebam

248 761 416 820 transitorios
430 760 506 830 ignes
518 757 613 813 metuit
623 757 789 811 caminorum
800 795 808 819 ,
821 752 931 807 dimittit
948 765 1042 805 omnes
1094 753 1159 807 elsa
1169 750 1307 807 catholicis
1319 768 1325 804 :
1336 750 1365 806 st
1379 750 1560 807 innocentiam
1571 759 1708 808 vestram
1721 750 1795 807 mala
1807 752 1892 810 istam

246 853 355 911 cernis
373 851 480 923 ignibus
492 849 691 921 gehennarum
706 856 733 902 et
745 855 798 900 tam
818 845 917 903 multos
931 843 973 899 vel
987 843 1042 913 jam
1096 845 1233 915 polluunt,
1250 843 1384 915 quomodo
1397 843 1485 899 dicitis
1495 843 1598 899 orbem
1615 843 1809 899 christianum
1821 843 1893 900 reill-

247 944 379 1007 solentes,
396 942 438 996 vel
452 948 544 1011 postca
557 953 612 994 non
625 937 745 992 valentes
763 951 810 1007 per
823 934 981 990 mtltolicam
998 948 1044 1003 pa·
1095 937 1143 1002 sis,
1155 936 1195 992 sel
1205 947 1278 992 certe
1288 936 1385 1007 ignotis
1396 935 1530 993 Caeciliani
1544 935 1759 1007 peccatiscsse
1771 936 1894 1006 pollatsttl

248 1050 308 1092 cem
320 1033 353 1089 ad
364 1033 445 1088 vitam
457 1032 548 1087 venire
557 1038 724 1100 perpetuam,
736 1025 861 1098 relinquit
871 1027 897 1082 in
908 1025 1044 1081 interitum
1096 1028 1229 1098 quomodo
1243 1044 1291 1084 ros
1310 1028 1412 1084 nefario
1427 1028 1549 1095 sceiere,
1571 1027 1614 1084 ab
1639 1028 1755 1084 unitate
1777 1027 1894 1090 emota

121 1129 132 1149 ⁰
248 1125 453 1195 sempitemutn,
468 1119 587 1177 carendo
599 1132 633 1174 ne
645 1117 751 1189 quidam
764 1117 916 1172 voluntario
926 1116 1043 1171 morian-
1097 1129 1221 1192 tanquam
1243 1121 1278 1178 ah
1295 1137 1357 1178 am
1376 1121 1508 1178 dominica
1528 1121 1693 1192 separatis,
1708 1137 1778 1194 qna
1791 1121 1896 1194 nem

250 1225 295 1270 tur
321 1215 446 1277 interitu,
471 1210 517 1282 qui
542 1210 634 1265 visunt
654 1208 688 1263 ad
713 1207 929 1280 impedimentum
951 1207 1045 1261 salutis
1097 1221 1202 1284 tempus
1216 1214 1392 1270 ventilationis
1406 1221 1574 1270 mest
1587 1223 1624 1269 ur
1639 1212 1897 1270 habuissem

250 1308 381 1374 aliorum,
396 1321 464 1378 quos
476 1320 529 1361 non
543 1304 699 1376 permittunt
712 1301 857 1358 secuudum
876 1301 977 1358 Christi
994 1299 1045 1355 do·

252 1399 367 1455 ctrinam
385 1398 491 1462 virere,
508 1405 537 1450 ut
549 1410 597 1451 eos
610 1394 723 1451 doceant
740 1407 908 1464 quocumque
925 1400 1046 1462 tempore

251 1487 399 1546 secundum
413 1486 631 1544 consuetudinem
646 1484 773 1540 doctrinm
785 1484 923 1540 diabolice
941 1483 1044 1548 adeas,

252 1594 314 1649 quat
327 1578 353 1633 in
367 1577 419 1632 illis
432 1576 512 1632 modo
525 1577 669 1642 timentur,
684 1584 785 1629 mortes
799 1573 960 1629 voluntarias
971 1573 1046 1629 festi·

253 1669 338 1726 narei
357 1684 391 1723 att
411 1669 499 1739 potius
517 1674 657 1724 conseruat
674 1680 742 1736 quos
762 1673 866 1736 potest,
880 1665 929 1720 etsi
951 1674 1046 1736 sponte

253 1768 365 1832 percant
378 1774 446 1829 quos
458 1771 617 1813 conservare
631 1771 683 1810 non
699 1756 804 1826 potcstl
821 1754 856 1811 Ut
868 1757 938 1810 enim
953 1769 1047 1811 omncs

251 1849 351 1914 ritant,
366 1848 491 1903 ardenter
502 1853 627 1916 eropum
641 1844 689 1900 sed
702 1858 796 1900 omnes
809 1859 842 1900 nc
855 1852 975 1914 pereant,
987 1844 1047 1914 plus

251 1938 364 1996 laborat.
385 1937 490 1995 Gratias
509 1948 598 1992 autem
617 1935 745 2000 bontino,
765 1935 836 2006 quod
856 1944 882 1991 et
901 1935 969 2005 apud
987 1951 1046 2003 nos,

235 2046 306 2088 ‚non
319 2030 427 2103 quidem
443 2031 469 2086 in
484 2028 626 2092 omnibus,
640 2027 688 2083 sed
702 2026 779 2082 ualde
792 2026 818 2086 itt
834 2025 954 2096 pluribus
969 2027 1045 2094 locis,

251 2132 281 2180 et
296 2137 344 2192 per
356 2121 423 2175 alias
436 2118 533 2175 Africae
548 2127 653 2188 partes,
667 2117 725 2173 siue
739 2116 800 2171 ullis
812 2115 924 2172 istorum
939 2116 1048 2172 insano·

251 2229 311 2270 mm
327 2212 474 2279 mortibus,
490 2226 541 2281 pat
553 2208 683 2266 catholica
697 2209 829 2275 cucurrit,
852 2220 879 2265 et
897 2209 989 2264 currit.
1009 2208 1046 2265 lbi

251 2313 341 2360 autera
356 2303 400 2361 illa
422 2302 525 2357 funesta
545 2301 719 2371 contingunt,
734 2299 779 2354 ubi
791 2308 833 2355 est
852 2307 905 2354 tam
919 2298 1047 2354 furiosum

252 2404 281 2452 et
302 2394 395 2452 inutile
412 2393 550 2449 hominum
573 2407 675 2463 genus,
696 2391 741 2461 qui
762 2400 790 2446 et
810 2390 871 2446 aliis
885 2389 1048 2460 temporibus

251 2485 348 2543 eadem
368 2484 457 2541 lacere
469 2489 677 2539 consueverunt.

289 2576 402 2633 catut
413 2574 458 2631 ll.
467 2603 505 2616 -
514 2575 558 2629 15.
572 2573 607 2628 Ει
617 2573 690 2644 prius
702 2571 809 2642 quidetn
818 2586 898 2641 quam
909 2571 966 2625 istae
976 2570 1048 2640 leges

255 2666 425 2722 acatholicis
445 2664 650 2736 imperatoribus
673 2664 856 2730 mitterentur,
880 2663 952 2733 pacis
970 2671 1050 2730 atque

253 2755 364 2811 attitutis
373 2755 471 2810 Christi
486 2753 611 2823 paulatim
624 2752 744 2809 doctrina
756 2754 904 2819 erescebat,
916 2763 940 2808 et
953 2753 979 2807 in
990 2767 1049 2807 earn

254 2847 367 2918 quisquc
379 2846 448 2901 sicut
459 2844 592 2911 discebat,
606 2830 765 2909 attolebat,
781 2851 808 2899 et
821 2851 934 2913 potemt,
947 2860 980 2898 ex
994 2843 1049 2912 ipsa

255 2944 330 3008 parte
353 2936 499 3002 trattsibat;
520 2950 582 2991 eum
604 2943 692 2990 mmeu
713 2935 782 3005 apud
804 2936 863 2990 illos
886 2933 1049 3005 perditorum

256 3027 393 3084 hominum
406 3026 601 3083 dementissimi
611 3039 706 3097 greges
717 3026 744 3081 ln
756 3025 867 3081 dirersis
877 3025 964 3082 causis
975 3027 1050 3097 quic·

255 3127 310 3174 tem
335 3115 516 3173 innocentium
542 3116 739 3187 perturbarent.
762 3116 827 3183 Quis
851 3131 903 3172 non
926 3116 1050 3173 dontinus

255 3223 362 3264 semitm
378 3223 455 3263 suum
478 3207 573 3263 timere
592 3206 746 3278 compulsus
767 3215 822 3274 est,
845 3208 868 3262 si
887 3206 921 3262 ad
944 3208 1049 3263 illorum

254 3301 428 3371 patrocinium
443 3297 624 3369 confugisset?
636 3297 697 3370 quis
710 3298 827 3353 cremori
842 3297 938 3353 minari
951 3296 1047 3353 saltem

253 3394 368 3450 audebat
386 3393 416 3448 ί1
437 3393 497 3464 quis
519 3402 736 3465 consumptorem
759 3394 969 3464 apothecarum,
990 3394 1050 3468 quis

253 3486 398 3557 quemlibet
412 3494 516 3557 poterat
528 3488 634 3558 exigere
643 3485 802 3552 debitorem,
816 3487 944 3543 auxilium
957 3503 1049 3543 eorum

254 3577 491 3650 defensionemque
504 3576 795 3650 poscentemf‘llmorc
805 3578 913 3636 fustium
925 3587 953 3636 et
963 3580 1051 3636 incen-

254 3668 359 3725 diorum
378 3670 525 3740 mortisque
540 3669 693 3739 praesentis,
709 3671 884 3740 pessimorum
899 3685 1047 3738 servorum,

254 3760 1051 3833 mlibertatseedenem,conlatrangehamur.Extortale·

254 3849 384 3905 bitoribus
398 3849 571 3921 cltirographa
592 3849 782 3926 reddebantur,
804 3850 970 3922 Quicumque
982 3851 1049 3908 dura

255 3939 361 3993 illorum
376 3940 456 3994 rerba
471 3949 702 4010 contempserant,
719 3939 870 3997 durioribus
882 3943 1047 4008 verberibus,

256 4026 327 4098 quod
344 4027 487 4096 jnbebant,
504 4028 591 4084 facere
609 4029 782 4100 cogebantur.
802 4028 984 4088 innocentium
1003 4034 1049 4103 tqul

255 4132 305 4173 eos
316 4116 497 4185 olfenderant,
517 4119 613 4175 dumus
625 4128 671 4175 aut
684 4119 887 4192 deponebantur
903 4123 936 4178 ad
951 4125 1048 4192 solum,

255 4216 302 4263 aut
315 4207 419 4279 ignibus
432 4210 628 4266 cremabantur.
650 4210 761 4278 Quidam
781 4214 983 4283 patresfamilias
1000 4217 1049 4271 lto·

256 4309 333 4355 nesto
352 4301 410 4355 loen
424 4301 493 4365 nati,
516 4310 544 4357 et
563 4317 693 4373 generoso
711 4305 783 4360 cultu
798 4307 920 4374 educati,
935 4309 978 4363 vir
996 4309 1048 4364 titi

257 4400 318 4459 post
337 4404 429 4444 eorum
443 4390 530 4446 cedes
543 4392 622 4447 ablati
636 4401 714 4460 sunt,
734 4395 777 4449 rel
792 4397 871 4452 rincti
887 4397 920 4452 ad
939 4399 1046 4468 molam,

256 4488 284 4535 et
296 4493 355 4533 eant
369 4479 497 4550 ingyrum
509 4480 615 4545 ducere,
627 4491 751 4554 tanquam
761 4483 880 4555 jumenta
891 4489 1049 4559 contempti-

257 4567 338 4632 bilia,
353 4568 464 4624 uerbere
476 4569 561 4624 adacti
577 4579 649 4626 sunt.
663 4572 739 4639 Quod
753 4575 823 4629 enlm
838 4576 872 4632 de
888 4578 988 4648 legibus
999 4593 1048 4633 au·

257 4659 349 4715 silium
368 4675 382 4713 a
402 4660 526 4717 ciuilibus
544 4661 719 4732 potestatibus
738 4662 866 4721 adversus
884 4681 931 4721 eos
949 4668 1047 4738 aliquid

256 4752 360 4807 salttitf
377 4752 438 4824 quis
452 4753 478 4808 in
493 4755 634 4825 praesentia
646 4770 738 4811 eorum
754 4755 878 4814 ¹oflleialis
897 4760 1049 4818 anhelavit?

257 4843 332 4915 quis,
346 4843 416 4914 quod
431 4844 469 4899 illl
489 4846 651 4913 noluissent,
673 4857 782 4904 etactor
801 4851 907 4922 etegit?
925 4854 984 4923 quis
1001 4869 1050 4911 eos

258 4935 303 5004 qni
315 4949 409 4990 corum
423 4935 541 4991 caedibus
552 4936 676 4992 exstincti
687 4947 766 5005 sunt,
780 4939 914 4997 vindicare
926 4942 1047 5012 tentarit,

258 5028 309 5083 alsi
318 5028 388 5098 quod
401 5029 506 5099 propria
516 5028 550 5085 dc
560 5029 611 5084 illis
622 5045 715 5100 poenas
725 5032 851 5102 poscebat
864 5034 975 5100 insania,
987 5051 1049 5090 cum

256 5117 301 5171 alit
322 5117 498 5188 provocandis
516 5117 544 5172 in
562 5132 592 5173 se
606 5119 701 5189 gladiis
714 5120 864 5190 hominum,
879 5137 960 5193 quos,
975 5132 1003 5179 ut
1014 5124 1049 5180 ab

257 5210 297 5265 eis
311 5211 468 5278 lenirentur,
483 5218 569 5265 morte
583 5210 732 5274 terrebant,
747 5213 791 5267 alii
806 5214 939 5283 perraria
954 5215 1050 5285 prasci-

258 5300 337 5371 pitia,
353 5303 397 5357 alii
415 5318 464 5374 per
475 5317 574 5374 aquas,
589 5303 634 5357 alli
648 5317 697 5372 per
708 5303 783 5374 ignes
797 5319 825 5360 se
844 5305 871 5361 in
891 5319 990 5364 mortes
1002 5324 1050 5363 to·

258 5389 384 5447 luntarias
404 5407 593 5464 usquequaque
612 5392 767 5459 mittebant,
785 5403 813 5450 et
831 5395 931 5451 animat
953 5397 1048 5455 ferales

289 5566 298 5598 ¹
311 5573 361 5616 tm.
372 5569 426 5620 aad.
439 5576 476 5621 tr.
488 5578 514 5622 et
525 5579 577 5621 ttss.
589 5567 674 5635 plures
685 5584 691 5620 ε
709 5570 810 5627 mdabat
826 5575 919 5627 auctori
929 5575 982 5638 attis
992 5587 1048 5628 cott-

256 5632 409 5690 tuntptorctn.
417 5638 487 5683 rorte
494 5645 547 5695 pro,
554 5630 655 5685 audebat
664 5638 705 5684 mtt
713 5633 835 5697 prohiberi
842 5644 1048 5702 rutstmtptotem:

258 5694 284 5740 st
294 5687 366 5754 paulo
376 5697 430 5754 poet
441 5700 492 5744 ttss.
504 5692 604 5758 bahem
615 5692 802 5760 rpotltecort‘um.

1098 1314 1153 1360 tum
1169 1305 1195 1359 in
1208 1303 1305 1359 horreo
1318 1303 1531 1371 recondendum,
1547 1312 1576 1360 et
1590 1305 1712 1374 paleam
1734 1304 1843 1375 ignibus
1852 1319 1897 1360 ma·

1097 1396 1254 1453 sumendam
1266 1395 1417 1469 (flerthttt,
1427 1395 1461 1452 ts
1472 1394 1608 1468 llhtque
1618 1397 1661 1452 ita
1673 1396 1843 1467 quibesmm
1851 1397 1899 1451 ratis

1098 1486 1274 1555 reddebatur,
1289 1497 1319 1543 ut
1332 1487 1413 1559 aliqui
1428 1486 1461 1542 ad
1476 1486 1611 1543 unitatem
1629 1487 1825 1553 catholicam,
1840 1488 1899 1543 etiae

1098 1577 1250 1634 inimicitias
1269 1577 1430 1648 perditorum
1451 1577 1535 1646 parati
1560 1578 1731 1644 sustinere,
1756 1579 1900 1639 transirent:

1098 1672 1144 1727 ted
1163 1673 1269 1742 plures,
1283 1670 1404 1741 quamuis
1418 1658 1444 1724 id
1458 1669 1577 1734 uellent,
1590 1683 1648 1726 eos
1663 1678 1768 1727 taruca
1787 1669 1901 1735 bomine,

1097 1763 1194 1834 quibus
1208 1771 1279 1817 tanta
1294 1759 1380 1816 fuerat
1394 1760 1499 1817 licentia
1514 1758 1667 1830 saeviendi,
1686 1761 1822 1818 inimicos
1835 1760 1903 1816 tacet

1099 1871 1152 1910 non
1173 1852 1329 1909 audebant:
1349 1850 1470 1907 nonnulli
1490 1852 1591 1922 quippe
1614 1851 1704 1919 illos,
1728 1867 1797 1908 cum
1820 1851 1853 1908 ad
1870 1865 1904 1906 not

1100 1945 1266 2006 transissent,
1281 1942 1479 1998 crudelissimos
1493 1941 1565 2012 passi
1579 1950 1660 1997 suut.

1134 2037 1178 2091 17.
1198 2032 1301 2090 Accidit
1320 2033 1400 2090 etiam
1416 2040 1445 2087 ut
1457 2031 1526 2102 apud
1546 2031 1758 2105 Carthaginem
1778 2033 1906 2106 quemdaat

1098 2127 1239 2183 diaconum
1253 2140 1340 2189 suum,
1355 2124 1462 2180 nomine
1473 2123 1685 2190 llatimianum,
1699 2136 1807 2183 contra
1819 2127 1906 2199 episoc-

1099 2232 1162 2289 pum
1175 2231 1251 2271 suunt
1264 2215 1476 2286 superbientem,
1490 2212 1600 2284 quidam
1622 2215 1836 2287 episcoporum
1848 2219 1906 2287 ejas

1099 2308 1160 2364 dem
1176 2308 1274 2378 partis,
1295 2306 1364 2362 lacto
1383 2303 1527 2359 schismate
1543 2306 1571 2358 et
1589 2304 1617 2358 in
1642 2305 1732 2376 plebe
1748 2306 1907 2379 Carthaginis

1099 2400 1183 2456 divisa
1196 2405 1271 2471 pute
1285 2398 1381 2454 llottati
1396 2396 1549 2453 ordinarent
1561 2396 1734 2468 episcopum
1752 2409 1851 2454 contra
1864 2399 1907 2466 epi·

1100 2506 1220 2562 scopum.
1236 2488 1312 2558 Quod
1327 2504 1388 2545 cum
1402 2503 1494 2544 eorum
1509 2485 1633 2559 pluribus
1648 2486 1833 2559 displiceret,
1847 2505 1908 2545 eoa·

1100 2581 1161 2637 dem
1174 2580 1361 2636 llarimianum
1373 2594 1434 2635 cum
1449 2578 1507 2634 aliis
1521 2576 1671 2633 duodecim
1693 2580 1745 2650 qui
1767 2581 1831 2653 ejus
1848 2582 1907 2637 ordi

1101 2675 1202 2729 nationi
1223 2683 1368 2745 praesentes
1388 2672 1535 2737 affuerant,
1557 2670 1789 2739 damnauerunt,
1812 2676 1907 2732 creter'a

1100 2773 1189 2821 autem
1211 2764 1245 2820 ad
1265 2764 1386 2820 eamdem
1400 2762 1554 2818 societatem
1572 2762 1741 2820 schismatis
1757 2767 1906 2836 pertinenti

1101 2857 1168 2923 bus,
1186 2857 1229 2914 dle
1247 2857 1409 2923 eottstituto,
1432 2855 1582 2910 facultatem
1605 2854 1747 2911 redeundi
1771 2858 1905 2915 dedemet

1100 2950 1153 3008 Sed
1175 2926 1266 3022 postea
1289 2956 1322 3005 'ex
1344 2949 1411 3020 ipsis
1429 2946 1569 3003 duodecim
1590 2948 1754 3019 quosdam,
1772 2961 1846 3007 etet
1861 2951 1906 3006 illlt

1101 3040 1197 3113 qulbus
1212 3040 1304 3096 dilatio
1314 3039 1375 3095 data
1390 3037 1485 3105 luerat,
1498 3047 1557 3108 post
1569 3037 1642 3092 diem
1660 3039 1788 3109 positum
1800 3041 1905 3097 retert-

1102 3140 1153 3198 tes,
1169 3139 1278 3203 propter
1290 3145 1382 3201 pacem
1403 3144 1478 3185 stmtn
1500 3128 1526 3183 iu
1544 3129 1600 3183 suis
1615 3126 1775 3186 honoribus
1787 3146 1902 3203 susceps-

1101 3231 1180 3286 runt;
1203 3230 1231 3278 et
1249 3234 1430 3292 quoscumque
1448 3229 1523 3276 extra
1541 3219 1661 3290 ipsorum
1683 3223 1901 3278 communionem

1101 3310 1217 3367 damnati
1239 3311 1455 3382 baptizaverant,
1479 3309 1643 3379 rebaptizare
1666 3325 1723 3366 non
1750 3313 1813 3369 ausi
1835 3321 1899 3368 sunt

1100 3402 1188 3474 eapti
1202 3402 1254 3459 hoc
1267 3418 1360 3459 eorum
1380 3402 1478 3459 factum
1496 3411 1589 3458 contra
1611 3401 1674 3457 illos
1695 3418 1749 3474 pro
1768 3404 1899 3461 catholica

1101 3495 1212 3551 multum
1234 3495 1338 3562 valere,
1360 3505 1390 3551 ut
1407 3509 1453 3551 ura
1472 3509 1564 3551 eorum
1579 3494 1688 3564 penitus
1701 3495 1896 3553 clauderentur.

1101 3587 1166 3655 Quae
1178 3600 1221 3642 res
1233 3601 1293 3642 cum
1309 3587 1319 3659 (
1326 3588 1396 3642 sieut
1408 3584 1565 3657 oportebat)
1579 3583 1613 3639 ad
1627 3585 1769 3643 sanandos
1783 3587 1819 3643 ab
1831 3586 1896 3643 sebi·

1101 3687 1187 3734 smate
1207 3677 1310 3734 animos
1329 3678 1467 3733 hominum
1492 3685 1662 3748 spargeretur
1687 3675 1853 3743 instantius,
1874 3687 1897 3732 et

1101 3783 1311 3840 quaquaversum
1327 3774 1448 3839 poterat,
1469 3766 1660 3821 catholicorum
1682 3766 1857 3822 semronibus
1869 3779 1898 3822 aa

1101 3859 1323 3929 disputationibus
1336 3866 1529 3914 monstraretur
1541 3872 1587 3912 cos
1608 3872 1655 3927 pro
1676 3872 1744 3927 paee
1766 3858 1897 3913 bonatiet

1101 3951 1241 4007 datnnatos
1252 3966 1316 4006 suos
1328 3952 1355 4006 in
1366 3950 1494 4007 bonorem
1504 3965 1580 4005 suum
1592 3949 1724 4019 integrum
1735 3949 1894 4020 suscepisse,

1100 4050 1128 4096 et
1142 4042 1303 4112 baptismum
1318 4056 1397 4114 quent
1409 4040 1527 4097 damnati
1542 4040 1584 4096 tel
1595 4039 1676 4095 etiam
1687 4039 1777 4107 dilati,
1792 4038 1856 4095 loris
1866 4039 1897 4093 ab

1102 4133 1222 4189 Ecclesia
1233 4148 1325 4188 eorum
1334 4132 1472 4199 dederant,
1482 4149 1534 4188 nou
1545 4146 1624 4187 ausos
1634 4129 1719 4186 luisse
1728 4132 1895 4195 rescindere;

1101 4230 1128 4279 ct
1140 4223 1198 4279 orbi
1214 4231 1344 4279 terrarum
1359 4230 1452 4278 contra
1468 4237 1559 4293 pacem
1573 4218 1671 4276 Christi
1689 4220 1896 4276 contaminatie-

1082 4294 1180 4379 'nem,
1196 4314 1287 4370 neseio
1301 4329 1429 4385 quorum,
1445 4313 1561 4384 objicere
1582 4321 1771 4381 peccatorum,
1793 4320 1820 4366 et
1838 4325 1897 4364 era·

1101 4421 1181 4461 coare
1189 4404 1351 4476 baptismum
1363 4406 1389 4461 in
1400 4405 1453 4461 illis
1462 4419 1567 4475 qnoque
1575 4402 1702 4458 Ecclesiis
1713 4403 1817 4470 ilatum,
1828 4402 1895 4458 unde

1102 4495 1128 4551 itt
1142 4496 1258 4551 Africam
1272 4495 1345 4551 vetnit
1358 4495 1444 4566 ipsum
1458 4493 1627 4564 Evangelium
1643 4509 1650 4545 ε
1665 4492 1773 4563 plurimi
1786 4493 1895 4549 conlun-

1101 4586 1249 4653 dcbantur,
1269 4594 1296 4641 et
1314 4585 1454 4641 manifesta
1476 4584 1586 4639 veritate
1604 4584 1798 4639 erubescentes
1815 4583 1896 4639 cotri-

1101 4677 1245 4747 gebantur,
1259 4675 1338 4731 solito
1351 4676 1488 4740 crebrius,
1500 4682 1527 4729 et
1540 4673 1623 4728 multo
1638 4673 1723 4742 magis
1738 4674 1895 4744 nhieutnque

1101 4768 1135 4824 ab
1144 4783 1238 4824 eorum
1249 4767 1349 4823 saevitia
1363 4766 1509 4836 respirabat
1522 4765 1654 4836 aliquanta
1668 4763 1790 4821 libertas.

1138 4860 1182 4917 18.
1203 4860 1271 4915 Tum
1291 4873 1355 4915 vero
1376 4858 1412 4913 illi
1434 4859 1472 4913 sie
1492 4863 1664 4922 exarserunt,
1685 4863 1713 4910 et
1734 4857 1817 4911 tantis
1836 4865 1896 4912 sum

1102 4954 1224 5010 odiontm
1244 4952 1357 5009 stimulis
1377 4949 1497 5015 incitati,
1516 4955 1650 5003 utcontra
1670 4960 1764 5003 eorum
1786 4948 1895 5002 insidias

1102 5056 1181 5118 atque
1199 5045 1339 5102 violetttias
1361 5051 1389 5098 et
1410 5040 1578 5111 apertissima
1599 5037 1755 5106 latrocinia,
1777 5039 1821 5093 sir
1836 5038 1895 5093 ulle

1103 5150 1201 5196 nostra
1221 5135 1415 5193 communionis
1434 5133 1560 5189 Ecclesiae
1574 5139 1683 5202 possent
1698 5144 1761 5186 esse
1780 5144 1893 5193 secura,

1102 5230 1144 5285 tit
1157 5229 1212 5285 ulla
1224 5229 1265 5283 tia
1278 5237 1333 5282 tuta
1345 5240 1396 5297 qua
1409 5225 1461 5280 iter
1474 5231 1582 5294 agerent
1594 5220 1755 5293 quicumque
1766 5221 1894 5277 adsersus

1101 5333 1194 5377 eorum
1212 5317 1313 5374 rabiem
1336 5330 1428 5388 pacem
1451 5312 1608 5369 catholicam
1634 5309 1829 5382 predicarent,
1850 5325 1895 5366 eo·

1102 5426 1213 5484 rumque
1225 5409 1385 5467 dementiam
1401 5404 1539 5476 perspicua
1560 5403 1672 5457 veritate
1693 5403 1892 5457 convincerent.

1102 5504 1191 5576 Usque
1200 5502 1267 5559 adeo
1285 5514 1393 5571 prorsus
1410 5512 1462 5550 non
1477 5494 1561 5550 solum
1575 5493 1666 5556 laicis,
1681 5491 1722 5547 nel
1733 5491 1894 5563 quibuslibet

1102 5595 1216 5663 clericis,
1229 5592 1276 5649 scd
1289 5591 1353 5663 ipsis
1363 5604 1467 5661 quoquc
1477 5585 1609 5656 episcopis
1620 5582 1760 5640 catltolicis
1769 5585 1892 5655 quamam·

1102 5686 1182 5745 modo
1194 5681 1389 5758 pmponcbatur
1400 5678 1465 5736 dura
1478 5675 1604 5736 cuttditio.
1627 5675 1681 5732 hut
1698 5674 1772 5732 enirn
1784 5676 1892 5737 tuende
