3906 6390
848 254 881 313 8.
900 244 1083 312 ibcbstttti
1102 245 1253 305 crisim
1849 251 1896 305 iil!

277 276 307 329 ,-

234 274 337 452 ³ibribs,
347 384 378 443 Si
388 383 512 441 Dominus
521 377 732 450 nubitiiiipernoit
742 371 1033 449 superinducerem·
1087 360 1283 418 Alexandrinus
1295 362 1450 436 episcopiis.
1465 374 1536 420 etim
1552 374 1629 417 etim
1641 359 1810 432 specialiter
1820 375 1895 433 eppe-

242 480 361 545 tionibus,
379 472 685 545 slipetrstfriictiisesre
698 464 833 537 moriprii,·
848 456 1034 532 quontonrnqis
1086 450 1204 508 bendere
1215 451 1387 510 Constantius
1404 461 1518 526 caperet
1540 453 1730 524 imperatur,
1746 464 1895 524 nequaqm

236 570 358 626 'deleniri
371 571 459 641 pipere
467 565 563 622 dorilei
578 563 716 635 passiones,
727 556 829 630 qiioiido
839 566 875 612 est
888 553 1034 610 lemniae
1086 542 1225 598 teneris
1246 543 1376 599 ministris
1393 543 1500 600 desem
1521 543 1612 615 plebe
1637 541 1786 600 catholice
1807 547 1895 616 queis

241 672 265 720 rt
277 661 374 718 liesiilir
387 659 525 716 incursus?
537 671 629 713 reriirn
642 652 801 725 estquidam
819 655 846 706 et
859 644 1032 717 acceptabile,
1085 632 1247 689 Alfflndrle
1259 635 1456 691 commanebat·
1469 635 1544 692 Cum
1556 643 1662 692 erilem
1676 635 1764 707 plebs
1775 647 1896 703 memte

240 751 288 808 scd
301 752 342 806 bis
355 764 422 822 quos
441 747 614 805 ecclesiastici
629 744 709 801 olbeii
730 756 783 798 non
807 747 899 795 tenent
916 733 1032 791 vincula.
1085 723 1201 780 ministri
1222 723 1334 797 sumunt,
1357 726 1605 799 ministeriumque
1627 725 1832 794 subrubeum
1849 730 1896 799 qul

241 838 308 898 tiam
324 841 369 912 qui
382 838 473 897 clades
491 837 604 895 besides
619 835 679 891 ideo
696 848 749 889 non
769 832 852 902 legit,
868 842 929 883 cirin
950 825 1035 896 possit
1085 815 1202 871 ellinici
1215 818 1441 873 mercenariorum
1458 816 1502 872 iila
1517 816 1586 890 iuga
1609 815 1810 884 damnabilis,
1823 817 1897 889 quhu

239 928 377 1003 elingere,
397 944 431 986 ne
443 929 550 985 deserat
569 924 747 982 ministerium
767 919 883 985 Christi,
904 917 963 975 sinc
981 930 1035 988 qiro
1086 922 1139 962 non
1161 916 1203 964 est
1226 921 1289 963 eura
1307 907 1341 965 dc
1362 907 1478 965 eribus?
1495 907 1602 965 Veniet
1630 908 1717 965 enim
1744 908 1842 981 lupam
1860 925 1897 967 sor

235 1030 295 1076 'sion
310 1028 422 1090 possunt
434 1018 560 1074 homines
581 1015 623 1072 iel
642 1014 701 1070 lieri
718 1013 761 1069 rel
774 1012 863 1068 iirere
876 1006 1033 1074 christiani,
1086 999 1185 1067 bomo,
1199 997 1246 1055 scd
1259 999 1393 1069 diabolus,
1409 1000 1454 1073 qui
1468 1001 1647 1074 plerumque
1662 1001 1769 1060 lldcles
1783 1013 1899 1075 aporians

242 1111 371 1180 majorem
386 1109 525 1166 charitatis
539 1107 641 1164 invenit
659 1105 791 1171 leucium,
812 1117 892 1174 quam
911 1101 957 1173 qui
980 1113 1035 1155 non
1085 1103 1146 1146 0⁸⁸0
1163 1090 1312 1161 persuasit,
1327 1090 1424 1162 bilibus
1442 1088 1647 1164 quotidianum
1664 1092 1900 1150 ministeriumds

236 1210 351 1274 propter
367 1201 482 1268 iratres,
497 1199 546 1257 sed
560 1207 669 1271 propter
680 1198 796 1269 seipsum
815 1195 937 1268 fugiens,
957 1201 1035 1263 atque
1085 1181 1175 1237 minici
1189 1183 1310 1254 willonis
1325 1180 1424 1249 desiliit
1439 1192 1468 1240 et
1480 1182 1586 1256 peribit
1603 1182 1750 1241 inllrmns
1766 1184 1794 1240 in
1808 1195 1850 1240 tna
1861 1201 1900 1240 sorr

240 1290 454 1363 rorrrprelrensus
466 1305 520 1346 non
534 1299 613 1361 negat
620 1282 773 1356 Christum,
787 1285 949 1357 suscipitque
963 1299 1035 1339 ritar-
1085 1274 1207 1343 §delfidi
1218 1274 1266 1330 ⁸0⁶
1279 1275 1425 1346 ¹8⁰⁰li¹¹¹¹²
1437 1275 1532 1342 fritilo
1548 1284 1678 1349 Pfflbwf
1693 1293 1784 1349 ‘luem
1795 1275 1900 1334 (ΨΜ

243 1380 352 1454 tyrium.
1006 1410 1009 1419 .
1085 1374 1206 1423 niortuus
1219 1375 1260 1422 est
1274 1365 1368 1438 (lCor.
1385 1383 1446 1435 riri,
1464 1367 1521 1441 ll).

279 1469 306 1526 5.
319 1468 390 1537 Quid
405 1478 527 1540 euterpe
547 1467 618 1541 quod
633 1468 659 1523 in
679 1465 790 1538 epistola
811 1475 854 1521 iun
875 1462 965 1535 priore
985 1477 1035 1533 po·
1121 1459 1147 1512 7.
1166 1459 1243 1526 Quod
1256 1467 1346 1515 autem
1358 1458 1392 1516 ad
1404 1475 1452 1517 eos
1464 1459 1585 1529 attinet,
1604 1461 1661 1534 qui
1684 1461 1717 1517 in
1740 1461 1795 1517 hac
1817 1476 1847 1518 re
1860 1475 1901 1517 nor

242 1559 342 1615 suisti?
361 1559 428 1616 dicis
447 1559 537 1628 enirn,
552 1559 582 1614 si
600 1560 627 1612 in
643 1558 763 1612 Ecclesiis
784 1552 968 1628 persistendum
979 1562 1033 1619 est,
1085 1550 1326 1622 inllunturerrore,
1337 1551 1383 1608 sed
1397 1550 1542 1608 lormidine
1553 1562 1760 1624 superantur;
1772 1567 1903 1624 qnaremo

241 1649 304 1720 quiid
317 1651 396 1706 dares
408 1649 479 1705 nohis
491 1651 529 1706 sel
540 1649 635 1721 popolo
648 1648 772 1719 prolaturi
787 1664 837 1701 nori
849 1645 931 1712 daeo,
945 1643 994 1698 riisi
1007 1652 1034 1697 iit
1086 1642 1175 1714 potius
1186 1649 1279 1699 contra
1292 1658 1367 1699 suum
1383 1642 1507 1699 timorem
1519 1642 1654 1700 Domino
1670 1644 1829 1701 mIscrantc
1839 1652 1905 1713 atqie

241 1740 397 1796 miscerier
414 1750 513 1796 nostros
525 1740 572 1796 oiri
584 1739 685 1803 cudunt,
702 1739 803 1809 pendae
822 1745 1033 1808 constuprentur,
1085 1733 1228 1805 adjurante
1242 1733 1346 1791 lortiter
1359 1734 1503 1800 dimicant,
1525 1751 1565 1791 ire
1586 1735 1669 1792 mala
1693 1736 1760 1793 sine
1781 1752 1905 1808 eompara-

242 1830 410 1886 i‘iiceridoiitiir
422 1831 543 1896 ecciesiae,
558 1846 603 1885 iios
618 1829 668 1900 ipsi
683 1829 709 1882 iri
723 1826 853 1882 tormentis
867 1824 1033 1896 deficiamus,
1087 1824 1158 1880 tione
1170 1824 1308 1896 graviora,
1330 1839 1389 1894 quae.
1410 1823 1494 1880 multo
1513 1825 1648 1896 amplius
1671 1837 1745 1884 sunt
1766 1829 1904 1892 tremenda.

242 1936 300 1975 crim
313 1919 346 1975 de
360 1921 432 1975 nobis
446 1921 566 1991 queritur
578 1918 646 1992 qoud
658 1934 709 1972 nori
728 1916 858 1972 liniemus.
878 1916 976 1972 Poteris
994 1924 1035 1971 est
1085 1913 1259 1985 contingant?
1279 1913 1322 1970 Fit
1342 1912 1393 1970 boc
1418 1914 1461 1970 nbi
1484 1913 1534 1970 ilci
1561 1916 1701 1974 ebaritas
1728 1918 1845 1990 flagrat,
1864 1937 1905 1974 nori

241 2010 350 2082 quidem
369 2009 442 2065 beus
459 2009 553 2065 andire
574 2022 667 2079 preces
691 2007 798 2063 lumilie
820 2021 892 2072 sun,
910 2014 939 2061 et
958 2005 1033 2070 hacc,
1085 2005 1177 2061 muudi
1190 2005 1322 2077 cupiditas
1336 2006 1427 2062 lumat.
1441 2004 1672 2065 Charitesenim
1688 2010 1763 2068 dicit
1778 2031 1786 2067 z
1804 2012 1905 2079 Quiris·

241 2115 301 2171 irrite
314 2100 506 2164 formidantur,
520 2107 658 2164 avertere;
679 2112 730 2153 nec
743 2096 803 2153 idco
818 2106 907 2152 tamen
925 2103 1035 2168 propter
1086 2096 1219 2165 firmentur,
1236 2105 1258 2150 et
1280 2112 1331 2151 iioii
1351 2112 1396 2168 epo
1415 2095 1558 2167 inplrrrorl
1569 2101 1637 2169 quis
1653 2102 1873 2170 scandulisotiir,
1890 2116 1906 2157 ri

242 2188 313 2256 ista,
328 2204 388 2261 quae
400 2189 501 2247 ineerta
514 2195 587 2256 sunt,
601 2188 681 2244 dehet
694 2188 777 2243 nostri
791 2187 872 2243 nlheii
889 2202 950 2244 esse
962 2198 1035 2243 ceria
1087 2202 1137 2240 nori
1152 2202 1198 2257 epo
1220 2203 1281 2241 iiror
1300 2185 1340 2258 (ll
1352 2185 1410 2242 Cor.
1425 2203 1452 2242 xi
1466 2229 1473 2253 ,
1486 2187 1557 2260 seit
1581 2188 1645 2247 Sed
1661 2192 1796 2251 charitas
1812 2210 1845 2251 cx
1864 2196 1907 2250 ilia

242 2280 379 2348 desertio,
393 2280 452 2338 sine
465 2297 518 2352 qun
532 2289 574 2336 est
590 2279 660 2350 plebi
673 2287 746 2336 certa
766 2279 907 2349 pernicies,
931 2294 984 2334 riori
1008 2280 1035 2335 iir
1087 2286 1138 2333 est.
1153 2277 1266 2333 Oreiirus
1284 2293 1348 2350 erqo
1363 2288 1391 2335 ut
1404 2279 1438 2335 ab
1453 2280 1609 2349 illudetur,
1624 2299 1645 2340 a
1660 2302 1724 2356 qun
1742 2288 1856 2361 Jubetur
1868 2307 1874 2343 :
1887 2300 1908 2344 et

243 2373 325 2430 rebus
336 2375 399 2431 rite
414 2373 504 2445 hujus,
524 2373 572 2430 sed
584 2372 694 2429 alterius
714 2371 955 2442 incomparabiliter
974 2370 1035 2426 dili·
1087 2382 1135 2438 per
1153 2367 1221 2423 hinc
1235 2368 1320 2440 magis
1334 2369 1474 2426 timeamus
1492 2386 1528 2427 ne
1548 2386 1622 2428 oves
1637 2373 1752 2432 Christi
1774 2379 1909 2450 spirituale

242 2466 348 2536 gentius
368 2465 560 2536 sollicitiusque
575 2464 710 2522 curanda.
730 2463 796 2519 Nam
816 2465 838 2518 si
857 2472 929 2518 certa
947 2472 1037 2519 essent
1087 2461 1212 2532 neqiiitiae
1226 2458 1314 2532 gladio
1336 2461 1363 2516 in
1379 2462 1477 2530 corde,
1492 2479 1578 2535 quani
1598 2482 1641 2522 ne
1663 2467 1748 2526 icrru
1764 2471 1793 2529 in
1806 2486 1909 2544 corpore

244 2558 295 2612 ista
309 2556 390 2621 mola,
402 2572 463 2627 quse
478 2557 605 2612 timentur
618 2572 652 2612 ne
666 2556 691 2611 irr
705 2555 771 2612 locis
784 2556 809 2610 iii
822 2556 918 2626 quihus
932 2569 1035 2622 smnus,
1088 2549 1270 2618 trucidentur,
1292 2548 1338 2606 ubi
1357 2552 1594 2625 quandocumque,
1619 2572 1815 2633 quocumque
1828 2564 1909 2618 amnis

244 2645 314 2702 iorte
325 2646 489 2717 contingant,
512 2647 587 2718 prius
605 2646 667 2703 inde
687 2646 806 2718 luqcrciit
821 2661 914 2701 omnes
928 2656 1037 2716 propter
1086 2656 1195 2714 qcncre,
1208 2642 1331 2698 morituri
1350 2653 1421 2698 sunt.
1438 2644 1520 2716 blaqis
1534 2645 1700 2709 timeamus
1716 2669 1756 2708 ne
1775 2669 1858 2711 serisii
1875 2657 1908 2710 in-

245 2748 312 2806 ques
326 2736 361 2790 ihi
374 2736 535 2792 manendum
550 2746 602 2804 esi,
618 2746 645 2793 et
658 2753 730 2793 riosa
742 2737 865 2793 manendi
879 2738 1037 2793 necessitate
1089 2734 1180 2790 teriori
1192 2743 1326 2806 corrupto,
1340 2745 1432 2807 pereat
1440 2738 1555 2793 castitiis
1564 2737 1648 2808 iidei,
1661 2760 1754 2816 quam
1767 2763 1806 2804 rie
1815 2748 1909 2803 [mim

246 2826 347 2882 liberos
359 2827 502 2884 redderent
517 2845 523 2881 :
539 2844 592 2882 nori
607 2831 678 2885 errim
697 2831 836 2900 quisquam
850 2839 892 2884 est
908 2831 952 2899 qui
966 2830 1038 2884 dicat
1089 2824 1218 2881 violenter
1231 2834 1435 2897 constuprentur
1452 2828 1478 2883 hi
1493 2844 1578 2886 cerne
1596 2848 1606 2887 ι
1625 2835 1701 2904 quia
1717 2838 1852 2897 violentia
1864 2856 1909 2895 nen

247 2914 384 2972 irriiristres
399 2931 507 2972 nmuere
521 2929 655 2987 oportere,
671 2919 714 2973 uhi
728 2918 850 2988 jamnon
868 2919 967 2974 luerint
979 2920 1038 2990 qui·
1089 2915 1203 2971 violatur
1217 2917 1352 2988 pudicitia,
1366 2919 1388 2974 si
1404 2927 1494 2975 mente
1506 2930 1658 2991 seriatnr;
1675 2931 1818 2998 quoniam
1831 2947 1877 2985 rree
1887 2931 1907 2983 iu

246 3008 297 3064 lius
310 3009 466 3065 accessesit
478 3008 688 3066 ministrarelta
704 3009 810 3082 qiiidam
823 3011 907 3068 sancii
920 3011 1037 3082 episcopi
1089 3022 1168 3062 carne
1182 3008 1302 3074 violatur,
1319 3008 1425 3080 quaudo
1437 3011 1562 3067 voluntas
1575 3015 1722 3083 patieritis
1737 3035 1793 3077 sua
1807 3022 1908 3092 turpiter

246 3102 280 3159 de
295 3100 420 3173 Hispania
433 3103 617 3175 profugerunt,
633 3101 707 3174 prius
722 3103 844 3173 plebibus
862 3104 958 3175 partim
977 3102 1037 3174 luga
1089 3114 1170 3155 earne
1188 3115 1240 3155 noir
1258 3101 1356 3167 utitur,
1378 3101 1426 3158 sed
1440 3103 1498 3159 sine
1512 3107 1715 3166 consensione
1731 3112 1905 3184 tolerat-qued

245 3188 343 3263 lapsis,
358 3192 455 3263 partim
468 3193 631 3264 peremptis,
647 3191 746 3264 partim
759 3193 898 3248 obsidione
911 3208 1038 3248 corisum·
1089 3191 1158 3246 aliiis
1170 3201 1305 3261 operitur.
1319 3192 1402 3263 blagiii
1414 3195 1556 3250 timeamus
1567 3212 1605 3252 no
1616 3197 1739 3270 lapides
1751 3205 1808 3261 visi
1819 3205 1905 3260 exsilia

246 3284 314 3353 ptis,
329 3282 425 3353 partim
439 3282 592 3354 captivitate
603 3279 735 3353 dispersis
749 3300 755 3338 :
770 3282 817 3338 sed
831 3283 915 3338 multu
932 3283 1037 3353 plures,
1090 3291 1204 3352 guantur
1215 3283 1400 3339 deserentibus
1412 3284 1503 3350 nobis,
1519 3300 1603 3355 quam
1618 3306 1660 3346 ire
1674 3292 1792 3364 lapides
1806 3306 1834 3352 et
1848 3296 1904 3366 ligni

247 3376 301 3432 illic
316 3376 486 3433 manentibus
498 3384 607 3448 propter
618 3390 687 3445 quus
698 3383 855 3441 manerent,
869 3375 918 3429 sub
933 3389 1040 3430 eorum·
1092 3379 1258 3428 terrenorum
1272 3374 1444 3430 edificiorum
1458 3374 1644 3434 incendantur
1658 3387 1852 3452 praesenribus
1864 3402 1903 3442 re

246 3467 309 3526 dem
327 3467 506 3538 periculorum
528 3465 660 3521 densitate
679 3474 845 3521 manserunt.
870 3464 939 3518 Etsi
959 3463 1039 3532 aliqui
1092 3463 1142 3518 bis.
1157 3462 1238 3533 lingis
1251 3464 1390 3520 timeamus
1404 3482 1439 3521 ire
1455 3467 1577 3523 membra
1592 3475 1732 3542 corporis
1751 3475 1854 3531 Christi
1868 3476 1903 3530 de·

248 3562 426 3618 deseruerunt
438 3558 530 3631 plebes
542 3573 620 3624 snas,
635 3557 686 3613 huc
704 3566 746 3612 est
763 3556 834 3627 quod
848 3555 962 3610 dicimus
983 3554 1040 3609 lieri
1092 3553 1182 3610 siiiuta
1203 3555 1333 3626 spirituali
1352 3556 1424 3612 iietii
1443 3566 1591 3627 necentur,
1615 3577 1709 3632 quain
1732 3582 1772 3622 ne
1795 3569 1902 3622 „remiss

247 3667 303 3710 uon
322 3651 421 3710 dehere
436 3669 444 3707 ε
460 3665 548 3722 neque
566 3649 638 3706 errim
660 3649 727 3706 tales
747 3649 817 3705 docti
831 3650 987 3706 auctoritate
1000 3647 1041 3702 di·
1093 3643 1213 3716 corporis
1227 3645 1312 3701 nostri
1326 3662 1452 3717 oppressa
1476 3646 1565 3705 hostili
1589 3651 1704 3723 inipetu
1723 3669 1900 3730 torqueamur.

250 3743 323 3811 rina,
338 3741 388 3800 sed
398 3742 515 3798 lrurnanu
525 3741 567 3796 iel
582 3755 676 3797 errore
684 3739 799 3812 decepti,
814 3741 856 3795 icl
870 3741 966 3796 tiiiiore
977 3748 1041 3795 sunt
1092 3732 1150 3789 Non
1163 3735 1224 3806 quia
1235 3734 1284 3790 ista
1298 3750 1350 3791 non
1361 3745 1424 3792 sunt
1437 3737 1541 3792 ritairda
1554 3755 1617 3795 cirin
1635 3758 1779 3816 possuiit;
1794 3750 1900 3820 sedquia

247 3833 319 3888 victi.
1093 3827 1181 3896 piitius
1202 3826 1310 3883 serenda
1333 3839 1405 3895 suiri,
1432 3830 1538 3900 quando
1562 3833 1644 3890 vitari
1677 3839 1743 3894 sirie
1773 3842 1900 3912 impietate

285 3923 313 3978 6.
328 3923 382 3978 Cur
398 3922 470 3977 enini
485 3922 535 3977 sibi
548 3931 641 3991 putant
657 3920 840 3976 indifferenter
854 3922 1040 3992 obtemperan-

249 4014 314 4068 dum
327 4026 388 4067 esse
402 4021 546 4081 precepto,
564 4011 606 4064 ulii
622 4011 713 4080 legunt
729 4011 764 4066 dc
782 4010 891 4067 civitate
903 4011 929 4065 in
948 4010 1042 4065 civita-

250 4113 305 4159 tem
317 4115 377 4158 esse
387 4099 558 4171 fugiendum
571 4109 598 4154 ct
609 4100 804 4156 mercenarium
819 4115 872 4155 noir
884 4101 1039 4168 exhorrent,

239 4184 295 4267 'qni
309 4191 381 4248 ridet
394 4191 484 4262 lupuin
498 4192 648 4247 nutrientem
662 4200 689 4248 et
702 4191 778 4263 fugit,
790 4193 916 4263 quoiiiam
930 4203 1039 4250 nonest

249 4286 275 4343 ei
289 4299 353 4342 citra
366 4283 400 4341 de
412 4283 506 4339 ovibus
517 4280 606 4357 (donn.
621 4300 654 4351 x,
676 4283 726 4351 ll,
744 4285 810 4355 isit
827 4283 880 4340 Cur
901 4301 954 4341 iroir
977 4286 1042 4342 istas

250 4380 318 4436 duas
337 4377 484 4435 dominicati
507 4391 636 4446 serasque
657 4381 812 4444 sententias,
839 4393 917 4433 uriam
940 4379 1042 4434 scilicet

250 4469 296 4525 ubi
310 4467 372 4539 luca
395 4467 492 4524 sinitur
514 4476 561 4522 aut
580 4467 706 4536 iubetur,
727 4467 836 4523 alteram
859 4468 904 4524 nbi
924 4470 1042 4540 arguitur

248 4570 329 4632 atque
341 4560 475 4630 culpatur,
488 4559 528 4616 sic
541 4558 688 4629 intelligere
701 4558 819 4627 student,
833 4568 864 4616 ut
878 4560 946 4616 iuter
958 4576 987 4617 se
1001 4578 1042 4617 rc-

248 4654 388 4725 periairtur
399 4667 453 4710 noa
465 4668 524 4709 esse
535 4651 692 4719 contrariu,
706 4652 775 4707 sicut
786 4668 839 4707 non
854 4653 933 4708 sunt?
946 4653 979 4708 lit
992 4653 1042 4709 lroc

248 4743 385 4816 quemodo
398 4743 541 4814 reperitur,
557 4744 608 4800 irisi
627 4743 780 4799 attendatur
799 4745 870 4815 quiid
887 4744 943 4815 jam
964 4760 1043 4815 supe-

249 4839 305 4895 rius
317 4836 467 4907 disputari,
483 4845 546 4892 tuirc
562 4834 598 4891 de
616 4836 681 4891 locis
699 4835 725 4890 iir
740 4836 836 4906 quihus
849 4853 963 4902 snmus,
978 4854 1041 4907 pre-

249 4939 340 4985 mente
351 4928 536 4998 persecutione
549 4928 703 4997 fugiendum
715 4942 775 4984 csse
787 4928 886 4984 Christi
901 4929 1040 4994 ministris,

250 5016 359 5088 qnando
374 5017 411 5073 ibi
427 5024 473 5073 aut
485 5015 561 5086 plebs
572 5014 671 5072 Christi
685 5032 737 5072 noir
752 5018 831 5075 luerit
843 5021 886 5074 ciri
907 5020 1041 5075 ministre·

249 5117 310 5174 tur;
324 5108 461 5163 autetiam
474 5106 573 5175 luerit,
589 5116 616 5163 et
628 5115 715 5177 potest
727 5107 830 5177 iriiplcri
844 5125 891 5178 per
908 5110 976 5165 alius
992 5127 1040 5165 ne·

251 5196 395 5255 cessarium
415 5197 605 5264 ministerium,
614 5197 711 5268 quibus
725 5198 818 5254 endem
834 5216 887 5255 non
900 5211 944 5257 est
962 5218 1041 5257 crusa

1093 3931 1147 3972 irun
1174 3927 1305 3988 possunt:
1322 3918 1372 3974 nisi
1395 3919 1464 3974 loric
1485 3921 1629 3992 quisquam
1654 3932 1838 3988 coiriendcrit
1853 3949 1899 3988 rroir

1093 4021 1154 4063 esse
1165 4005 1316 4063 ministrum
1331 4009 1457 4079 inrpiirin,
1478 4011 1522 4081 qui
1542 4019 1605 4068 tuiic
1624 4017 1773 4076 subtrabit
1789 4023 1899 4078 ministe-

1094 4098 1162 4153 rium
1174 4097 1264 4169 pietati
1278 4099 1476 4166 necessarium,
1492 4102 1600 4172 qnairdu
1615 4109 1707 4178 iringis
1723 4121 1771 4167 cst
1784 4128 1898 4171 necessa·

1093 4205 1171 4246 rrunr.

1129 4283 1156 4338 8.
1172 4283 1213 4338 hir
1226 4299 1278 4339 noir
1292 4284 1448 4356 cogitamus,
1462 4285 1571 4342 cunrad
1585 4287 1704 4346 istorum
1719 4294 1895 4362 periculorum

1094 4375 1249 4446 pervenitur
1269 4384 1406 4446 cilicina,
1421 4392 1471 4433 nec
1490 4388 1534 4434 cst
1554 4389 1678 4449 potestis
1697 4385 1755 4441 ulla
1775 4387 1896 4458 fugiendi,

1094 4473 1209 4536 quantus
1223 4467 1249 4521 irr
1263 4467 1382 4523 Ecclesia
1397 4468 1453 4542 sieri
1467 4468 1552 4524 soleat
1564 4469 1599 4524 ab
1614 4480 1737 4545 utruque
1757 4490 1841 4540 seru,
1859 4484 1893 4531 at-

1094 4570 1147 4628 que
1158 4554 1193 4612 nb
1208 4558 1280 4613 omiri
1295 4565 1374 4614 atate
1387 4573 1546 4626 concursus;
1565 4560 1625 4631 aliis
1639 4561 1812 4634 baptismum
1823 4567 1892 4637 dspi-

1095 4650 1222 4716 tautibus,
1232 4650 1291 4704 aliis
1302 4651 1622 4717 reconciliationem,aliis
1633 4657 1720 4714 etiam
1735 4662 1893 4729 poeniteutie

1095 4738 1178 4809 ipsius
1189 4740 1332 4804 actionem,
1345 4742 1468 4796 omnihus
1478 4742 1693 4801 consolationem
1703 4757 1736 4804 ct
1746 4766 1894 4808 sacramen·

1096 4836 1182 4884 torum
1195 4830 1388 4887 coniectionem
1410 4839 1437 4886 et
1453 4832 1655 4903 erugationem?
1670 4836 1721 4893 Ubi
1742 4840 1767 4895 si
1783 4842 1893 4897 ministri

1095 4919 1199 4989 desint,
1214 4929 1340 4992 qiraritum
1360 4922 1469 4978 esitium
1488 4925 1608 4994 sequitur
1625 4940 1692 4994 cus,
1717 4932 1768 5000 qui
1789 4932 1824 4988 de
1846 4932 1894 4986 isto

1095 5013 1194 5068 seculo
1213 5013 1254 5068 iel
1266 5028 1320 5069 nori
1333 5014 1482 5084 regenerati
1493 5024 1592 5071 circuiit
1606 5016 1648 5071 rel
1668 5016 1763 5090 liqatit
1783 5030 1894 5094 quantis

1096 5116 1138 5160 cst
1150 5105 1229 5160 etiarn
1245 5105 1331 5160 luctiis
1350 5106 1467 5162 bdelium
1480 5122 1609 5176 suornm,
1626 5111 1673 5180 qni
1693 5127 1745 5168 ees
1763 5131 1855 5172 secum
1868 5116 1894 5169 iii

1097 5198 1158 5253 iilic
1172 5206 1279 5253 aeterua
1297 5199 1390 5269 requie
1409 5216 1463 5255 nnn
1481 5199 1632 5258 habebunt!
1649 5217 1770 5274 iquaiitirs
1782 5209 1893 5280 deariqire

250 5287 367 5360 quiendi
382 5305 391 5345 t
404 5288 472 5347 sient
483 5288 510 5344 in
521 5296 611 5359 sporta
627 5287 785 5357 submissus,
801 5291 873 5360 quui
886 5308 965 5363 supra
986 5309 1043 5348 iric·
1096 5291 1211 5361 gemitus
1222 5291 1358 5356 oirririum,
1377 5299 1403 5346 et
1415 5292 1591 5362 quorumdam
1608 5306 1709 5365 quanta
1729 5301 1898 5377 bliupbeirria

251 5380 371 5448 inarari,
385 5378 451 5452 luqit
465 5382 627 5452 apostotos,
648 5396 709 5436 curii
723 5397 738 5436 a
751 5397 922 5454 persecutore
936 5388 1042 5456 proprie
1097 5382 1131 5438 de
1144 5382 1263 5439 absentia
1277 5381 1484 5438 niiiristeriurum
1494 5391 1523 5439 et
1532 5384 1736 5446 ministrarum!
1756 5391 1822 5447 l'iilc
1833 5395 1893 5462 quid

250 5474 310 5541 ipse
330 5484 511 5543 quaereretur,
534 5472 595 5529 aliis
614 5474 704 5544 utique
722 5476 908 5532 necessitatem
928 5478 1041 5533 similem
1097 5472 1176 5529 lirciiit
1191 5474 1320 5528 maluruiii
1335 5474 1521 5543 tcirrperalium
1540 5475 1637 5543 linior,
1656 5488 1685 5534 et
1703 5494 1806 5553 quauta
1824 5485 1851 5539 iri
1864 5502 1896 5538 uo

250 5563 491 5631 connubentibus,
510 5581 526 5620 a
546 5565 643 5636 quibus
661 5567 714 5623 illic
735 5569 910 5625 ministerium
923 5571 992 5626 absit
1015 5581 1043 5626 iit
1096 5569 1131 5625 sit
1142 5567 1282 5638 acquisitio
1296 5568 1425 5623 innloruirr
1439 5579 1610 5625 eternorum.
1626 5570 1655 5628 Si
1672 5584 1766 5632 auteur
1783 5579 1896 5636 ...inniti

250 5659 418 5719 titillemur
435 5660 581 5727 Ec⁰l⁰⁵iae3
596 5661 664 5719 sicut
681 5663 747 5735 luqit
761 5673 867 5720 serietas
883 5664 1042 5722 Aibairasius
1096 5663 1200 5731 adsint,
1225 5677 1272 5733 pre
1294 5660 1393 5720 riribiis
1409 5677 1474 5734 quis
1492 5662 1531 5719 eis
1550 5661 1680 5723 [lominus
1699 5667 1896 5740 subirriuistrrt,
