3906 6390
802 271 830 329 S.
851 266 1207 329 summitatatem

223 272 278 340 m
1798 272 1853 336 Μ

221 402 347 467 taratrum
358 389 567 463 ejarsdoctrinam
578 386 743 442 detestmser
751 395 832 456 aterne
841 382 1011 448 danmarric'sr
1063 381 1199 454 mirra
1219 396 1269 441 aec
1281 385 1340 455 iasa
1351 384 1511 455 cogebatur,
1522 384 1645 456 quamvis
1657 393 1850 457 praeteream·

222 484 314 556 de'qua
325 481 508 560 iosecitristus
517 472 1009 545 dicitrSlcrederctirllo‘mi,crederctit
1062 476 1211 532 miidiinilti
1226 476 1332 546 clarina
1344 477 1391 532 Dei
1407 493 1467 547 quae
1482 476 1580 532 lmlaais
1590 486 1652 532 sunt
1663 478 1762 534 credita
1774 519 1783 545 ‚
1795 491 1851 532 aar»

223 580 249 632 a
259 571 508 640 altimanniam
517 566 561 622 iiie
572 568 673 637 scriprit
687 566 804 638 (leani,
819 565 878 645 wi*

1061 565 1266 636 moidbebnt'arr
1279 566 1343 637 sarid
1354 567 1460 634 inausa,
1473 566 1496 621 si
1510 567 1771 637 constringebamur!
1780 567 1850 623 Paa-

257 664 286 722 θ.
299 661 631 727 ditendcertinrmitsccro,
643 660 698 730 ipsa
709 659 788 714 teria
798 657 906 712 iacobi:
923 654 1010 721 Vides,
1062 657 1104 714 ius
1121 657 1204 713 libere
1220 658 1360 724 asserere,-
1376 657 1446 727 quod
1465 672 1526 712 cunt
1546 657 1650 712 ceteris
1668 658 1801 727 apostolis
1820 670 1851 712 se

222 753 319 825 mrmii,
335 757 414 823 frater
429 759 508 822 ,quet
523 748 603 803 millia
624 750 681 802 tunt
694 746 833 812 induciam,
846 745 1011 816 anicrcdide*
1061 748 1397 820 Jmnsatymisdecrcrisse
1410 748 1586 805 meminerat!

222 848 285 900 rrtii
300 843 327 897 ln
339 843 468 898 Cicirrum
477 857 487 907 ,-
500 848 526 894 ct
536 840 565 893 iti
576 854 661 892 orares
673 835 832 892 omniumr·
851 846 911 890 rant
924 834 1008 906 drab.
1097 838 1142 895 it.
1157 837 1284 894 Siautem
1300 839 1369 903 hoc,-
1387 837 1461 909 quod
1469 838 1556 908 magis
1567 837 1698 906 arbitror,
1709 847 1771 894 ante
1784 836 1850 892 iilud

222 933 366 990 amicant
379 940 462 985 cutem
473 930 505 986 dc
515 933 538 982 tc
547 929 605 998 qaia
615 926 804 981 discissionem‘
816 923 1010 995 accercitoque
1061 928 1314 1001 ierosolymitanam
1326 930 1470 984 concilium
1485 929 1580 984 Petras
1597 929 1673 995 iecit3
1688 945 1738 985 nec
1747 931 1785 984 sic
1797 931 1845 986 mi·

222 1033 319 1089 mrum,
339 1021 382 1093 aad
394 1036 439 1093 per
448 1029 531 1091 aenam
543 1025 612 1083 auru,
623 1015 792 1078 laicorunit
805 1015 892 1070 dicem
901 1016 1008 1069 notitit-
1062 1032 1121 1073 rara
1134 1024 1175 1072 est
1185 1056 1193 1083 ,
1205 1017 1276 1088 qnod
1289 1026 1350 1074 ema
1363 1017 1468 1075 vateast
1478 1017 1577 1073 Paulus
1592 1034 1644 1072 noa
1663 1018 1754 1074 timide
1771 1018 1848 1073 abta·

220 1115 281 1171 dere
296 1111 473 1167 circumcidere
488 1125 530 1165 cos
543 1107 610 1177 filias
623 1123 692 1174 utos,
712 1121 794 1176 norae
803 1104 939 1165 meandum
950 1120 1011 1159 con·
1061 1112 1144 1178 gere,
1162 1108 1212 1164 sed
1223 1108 1335 1163 tidenter
1348 1123 1468 1164 asserere
1482 1107 1554 1178 qaod
1567 1122 1628 1163 eum
1644 1107 1851 1178 pariterseatirc

222 1203 378 1259 munditiem
390 1199 496 1271 inormi.
512 1199 580 1265 Quid
593 1212 652 1268 erqo
664 1197 725 1251 ert?
739 1195 832 1266 didone
843 1202 1010 1265 oportetcan-
1059 1195 1114 1266 jam
1127 1205 1238 1252 nacerat
1252 1215 1259 1250 ε
1272 1197 1328 1252 siro
1340 1195 1412 1268 quod
1432 1211 1493 1252 cum
1513 1211 1546 1252 eo
1566 1197 1714 1253 contulerat
1728 1196 1850 1267 Evange-

222 1295 306 1349 rcnlrc
317 1292 506 1348 multitudinem
518 1306 528 1355 ,·
541 1290 675 1343 redimant
695 1288 760 1343 enim
780 1297 804 1341 tc
828 1285 1008 1356 mperumiore.

224 1381 283 1439 tior
294 1397 353 1452 erqo
367 1385 423 1454 me,
443 1380 509 1448 arrad
530 1377 573 1432 tiit
590 1377 705 1433 dicinma.
723 1376 790 1431 Sum
801 1375 872 1430 notis
887 1376 934 1430 oiri
946 1388 1009 1448 orta·

224 1481 283 1528 tur
292 1482 377 1527 ratum
391 1469 510 1524 inientes
517 1484 594 1540 snper
608 1483 650 1532 se,·
665 1467 705 1520 irie
714 1467 859 1537 caumata,
868 1467 1011 1535 martimo·

224 1571 249 1618 tc
261 1578 318 1618 cant
339 1562 419 1632 ipris,
432 1563 469 1614 'et
487 1557 604 1628 impende
625 1557 653 1610 in
665 1571 707 1610 eos
720 1564 747 1608 ιι(
766 1557 857 1608 radoni
871 1555 974 1625 copitar
988 1566 1011 1611 et

225 1653 303 1707 scient
317 1667 401 1705 otrrner
421 1649 480 1720 qnia
492 1663 549 1718 quc
569 1647 602 1700 dc
620 1655 644 1699 te
663 1645 797 1700 audierunt
810 1644 876 1714 [alcu
887 1652 956 1709 sunt,
967 1643 1014 1698 aed

224 1743 335 1814 περκαὶ(
351 1752 375 1796 et
397 1742 451 1810 ipse
464 1739 606 1794 custodient
620 1738 710 1808 marm.
730 1735 769 1789 lle
788 1733 907 1789 Gentibus
928 1743 1012 1788 notem

224 1833 268 1904 ori
276 1831 444 1893 crediderunt,
457 1837 502 1882 ndr
515 1827 699 1890 mandarimus,
709 1824 857 1896 judicantes
868 1824 931 1878 niitil
944 1824 1013 1894 cius·

224 1922 294 1977 modi
300 1927 399 1976 serrare
407 1920 474 1985 ilios,
487 1919 536 1972 nisi
544 1927 570 1971 at
578 1934 605 1972 se
614 1917 740 1971 oismaent
750 1913 1013 1981 uiridolisimmolcto,

224 2021 249 2065 ct
261 2028 277 2064 r
290 2011 423 2082 saraciae,
433 2018 457 2063 et
475 2025 491 2061 a
505 2007 670 2077 fornicatione
680 2005 748 2076 (dci.
761 2019 815 2069 xxa,
827 2003 931 2074 tat-sa).
942 2002 1001 2058 Non

224 2102 328 2172 amiam,
342 2103 485 2155 cascaram
495 2107 546 2164 est,
558 2096 719 2157 etlacolrum
728 2097 779 2151 iroc
790 2095 851 2154 ideo
864 2095 1011 2162 monuisse,

224 2184 847 2259 atsairentislsacssaauaedeiiioaudieranthi,
857 2185 973 2255 quicum
985 2185 1013 2240 in

224 2283 360 2338 carisium
375 2296 407 2336 cr
425 2279 524 2335 dardeis
537 2276 728 2339 credidissent.
741 2286 830 2331 tamen
844 2274 1013 2330 emulatores

223 2381 300 2427 eram
313 2370 444 2440 begiano
457 2385 505 2439 aer
517 2368 665 2424 docuinam
677 2366 775 2422 Christi
789 2366 861 2422 relat
872 2364 1010 2434 sacrilega,

227 2474 277 2515 nec
301 2461 357 2514 ileo
379 2458 521 2517 narndaate
544 2456 695 2526 conseritur
715 2455 834 2511 damnari
857 2464 1013 2525 putarentur

223 2565 285 2622 qaae
305 2565 354 2620 per
375 2549 483 2618 Moysen
504 2547 623 2616 patribus
647 2546 751 2601 interant
774 2544 932 2600 ministrata.
956 2542 1013 2599 idac

224 2641 297 2696 enim
310 2640 344 2694 de
358 2640 440 2694 i‘auio
451 2640 631 2709 jactaverant,
645 2652 699 2692 aon
722 2637 760 2692 iiii
772 2637 817 2707 qui
831 2635 1013 2706 intelligemus

224 2746 279 2804 cmo
291 2733 380 2786 animo
399 2746 414 2785 a
432 2730 531 2786 iudeis
546 2729 668 2784 fidelibus
681 2727 817 2784 observari
830 2736 892 2782 tuuc
904 2727 954 2783 ista
965 2726 1013 2782 de·

224 2822 338 2885 uetant,
359 2830 469 2891 propter
488 2817 726 2874 commendandam
749 2817 851 2873 scilicet
868 2816 1010 2872 auctorita·

226 2920 281 2969 tent
293 2912 409 2967 diuinam
420 2918 449 2967 ct
467 2918 694 2966 sacramentorum
711 2908 815 2963 iliorum
831 2907 1011 2978 propheticam

158 3040 163 3047 -
224 3003 402 3068 sanctitatem,
421 3016 473 3055 noa
488 3008 597 3071 propter
614 2998 810 3069 adipiscendam
820 3000 942 3063 salutum,
953 3013 1013 3072 qoae

224 3093 278 3164 jam
288 3094 316 3148 in
328 3092 435 3148 Christo
445 3091 622 3158 rerclaimtur,
633 3098 661 3147 et
671 3105 717 3161 aar
727 3088 853 3159 Baptismi
864 3103 1000 3146 sacramen

226 3192 281 3244 itta
295 3183 493 3240 ministrabatur
506 3200 513 3248 ;
533 3182 580 3237 scd
592 3181 631 3236 iiii
646 3181 696 3236 noc
709 3180 743 3236 de
756 3180 838 3235 Paulo
849 3188 1012 3250 sparserant,

224 3275 271 3346 cati
291 3277 330 3330 sic
351 3290 382 3330 ea
402 3275 526 3329 reiciunt
546 3273 698 3339 obseruari,
715 3280 839 3340 tanquam
853 3270 964 3326 sinchis
986 3270 1013 3326 in

225 3363 370 3434 Euattgeiio
383 3365 454 3419 salus
466 3362 636 3419 credentibus
649 3375 709 3416 esse
732 3375 784 3415 aaa
807 3367 906 3429 posset.
924 3357 1012 3429 lasura

224 3455 297 3511 enirn
319 3464 459 3511 senserant
477 3452 739 3509 vehementissimum
752 3451 845 3521 gratiae
859 3450 1015 3525 praedicato·

225 3550 282 3601 rcrti
292 3554 320 3600 et
331 3545 471 3599 intentioni
480 3558 573 3600 mum
585 3543 699 3597 maxime
711 3541 861 3608 aduersum,
874 3534 1013 3597 docentem

225 3650 280 3688 nna
296 3649 344 3704 per
358 3635 400 3688 iiia
411 3634 545 3689 hominem
554 3631 703 3701 iustificari,
716 3629 763 3686 aed
772 3631 939 3700 pergratiam
949 3629 1014 3686 lesu

227 3721 344 3786 Cariati,
369 3722 444 3792 cujus
466 3720 675 3790 prunuatiaadae
699 3734 778 3775 causa
801 3720 853 3775 iilae
874 3720 975 3775 umbrae
988 3722 1014 3775 in

227 3812 300 3882 tego
313 3810 444 3867 mandatae
457 3819 529 3865 sunt.
543 3810 576 3864 Et
586 3809 648 3865 idco
660 3809 697 3864 iiii
713 3808 838 3864 inuidiam
851 3817 879 3864 et
892 3823 1015 3878 persecu·

229 3900 328 3962 tionem
341 3900 482 3957 molientes
490 3901 634 3966 concitare,
649 3906 774 3969 tanquam
788 3899 924 3954 inimicum
937 3899 1016 3970 Lagis

229 3993 836 4063 aasadatornmqnedivinorumcriminabantur
845 4011 851 4048 :
860 3993 936 4062 cujtrs
944 3993 1015 4052 tarsa

228 4086 422 4141 criminationis
430 4085 555 4141 invidiam
563 4086 751 4156 congruentius
760 4083 878 4140 deuitare
888 4098 940 4140 noa
954 4099 1016 4154 aas

228 4186 282 4246 sci,
291 4193 370 4248 qnam
384 4188 412 4234 ut
422 4192 454 4235 ea
465 4178 522 4249 ipsc
533 4178 745 4247 celebraremus
754 4175 881 4232 damnare
892 4185 1016 4248 unquam

228 4270 354 4352 sacrilega
367 4270 516 4339 putabatur,
529 4277 608 4339 atque
617 4269 652 4324 ita
664 4267 832 4336 ostenderet,
847 4283 897 4324 nec
909 4268 1016 4339 iudaeos

230 4360 382 4415 tnncalrcis
395 4367 518 4429 manuam
532 4359 664 4415 ancitriis
678 4358 868 4429 prohibendos,
881 4368 931 4416 nec
943 4359 1015 4417 Gen·

229 4448 290 4506 tiics
302 4447 335 4502 sd
345 4462 376 4503 ea
387 4459 510 4519 tanquam
524 4449 557 4504 ad
571 4449 718 4504 necessaria
730 4449 939 4519 compellendos.

265 4539 309 4595 ld.
323 4537 389 4593 Nam
405 4539 428 4592 si
443 4553 536 4594 revera
554 4540 594 4594 sic
608 4552 639 4594 ca
651 4539 825 4609 reprobaret,
842 4540 1015 4611 quemadmo-

229 4630 292 4689 dum
305 4629 339 4684 de
351 4628 519 4684 iiioaaditum
530 4636 602 4696 erat,
617 4637 645 4684 ct
658 4630 718 4685 idco
727 4628 884 4685 celebranda
896 4630 1017 4700 casape-

229 4728 280 4787 rct,
290 4727 319 4775 ut
328 4720 432 4774 actione
444 4721 565 4774 simulata
575 4732 650 4776 suam
662 4728 754 4791 posset
764 4721 900 4776 occultare
907 4731 1017 4776 sentcn-

229 4814 305 4879 dam,
314 4828 365 4868 non
376 4814 401 4868 ei
409 4813 510 4868 diecret
520 4812 644 4881 lacobus,
654 4811 772 4869 idtrcient
780 4829 881 4879 omncs:
890 4813 1018 4870 teddico·

227 4912 280 4972 rei,
294 4904 327 4960 m
340 4905 470 4975 pambunt
481 4917 586 4969 omnes,
598 4904 717 4975 maniam
727 4919 784 4975 aaa
795 4903 827 4958 de
838 4909 862 4958 te
873 4905 1016 4968 audierunt,

228 4995 360 5066 [amoram
367 5010 375 5047 :
383 4995 529 5065 pracsertim
538 4995 598 5065 quia
608 4995 634 5050 in
644 4994 708 5065 ipsis
717 4994 1019 5065 temsotyaisupasmii

225 5086 280 5156 jam
288 5086 470 5154 decreverant,
479 5101 512 5141 ne
522 5088 659 5156 quisquam
667 5084 765 5142 Gentes
771 5093 876 5156 cogeret
884 5085 1019 5154 judaizare

228 5178 297 5248 (Art.
312 5194 359 5243 ιτ,
370 5179 432 5249 28);
455 5192 508 5233 non
529 5187 617 5232 autera
629 5176 820 5243 decreverant,
833 5190 868 5230 ne
880 5176 1018 5245 quisquam

228 5276 291 5322 tuac
312 5267 418 5322 laudatos
436 5265 571 5334 iudaizare
592 5264 762 5336 prohiberet,
793 5263 914 5335 quamvis
939 5264 1018 5321 etism

228 5355 362 5425 insaciata
375 5357 494 5412 doctrina
508 5355 651 5410 christiana
667 5369 722 5410 nou
738 5361 855 5424 cogeret.
871 5352 985 5408 Proinde
994 5354 1018 5408 si

226 5453 289 5515 past
299 5445 483 5514 Apostolorum
492 5446 628 5500 decretura
638 5444 732 5500 Petras
742 5442 833 5498 habirit
845 5441 916 5496 iiiam
929 5442 955 5496 ia
963 5443 1019 5496 aa·

231 5533 327 5590 tiocitia
343 5535 556 5604 simulationem,
570 5551 620 5605 qna
635 5536 735 5593 tientes
748 5543 854 5608 cogeret
864 5532 1016 5604 judaizare,

259 5645 269 5678 ¹
282 5645 392 5711 uulgata,
404 5645 579 5697 discessionem.
612 5653 640 5699 tt.

1063 1287 1144 1352 iittarr
1165 1288 1220 1343 siae
1240 1287 1310 1358 qnnd
1331 1287 1360 1342 ia
1377 1285 1493 1342 Cornelii
1512 1287 1675 1342 centurionis
1693 1293 1848 1354 ructatione,

1062 1376 1141 1434 etiarn
1154 1376 1280 1433 diuinitus
1293 1391 1352 1432 eum
1366 1376 1399 1431 dc
1414 1376 1464 1432 hac
1477 1391 1506 1431 re
1518 1376 1681 1431 adtaoaitum
1691 1387 1849 1446 acceperat;

1062 1466 1118 1524 sire
1137 1468 1207 1539 qnod
1230 1477 1370 1537 antequam
1389 1467 1445 1532 iili,
1466 1480 1534 1537 quos
1554 1467 1691 1531 timuerat,
1715 1469 1851 1526 uenissent

1062 1561 1244 1626 Antiochiam,
1258 1575 1318 1615 carn
1331 1559 1452 1630 gentibus
1465 1572 1527 1614 eant
1536 1559 1660 1614 convesci
1674 1558 1785 1615 uiderat.
1798 1559 1851 1614 Ne.-

1063 1666 1115 1722 uae
1129 1651 1200 1706 em'rn
1215 1658 1342 1722 negamus
1364 1648 1452 1705 inirac
1469 1649 1602 1704 sertteatia
1623 1648 1704 1705 inisse
1718 1650 1773 1720 jara
1797 1651 1849 1704 Pe·

1064 1749 1149 1808 tram,
1159 1743 1184 1796 in
1197 1757 1246 1811 qna
1258 1750 1284 1796 ct
1296 1740 1458 1795 Paniusiuit.
1471 1738 1528 1794 Noa
1543 1738 1631 1808 itariae
1644 1749 1705 1794 ttmc
1715 1754 1775 1793 ema
1786 1739 1850 1810 quaid

1065 1834 1092 1890 in
1106 1845 1139 1890 ea
1149 1848 1180 1890 re
1190 1835 1287 1889 rerunt
1297 1846 1357 1888 csse
1367 1831 1481 1887 docebat
1492 1847 1499 1884 ε
1510 1829 1556 1884 sed
1570 1829 1848 1899 ejassimalatioaem,

1063 1924 1365 1999 mdenmsmdaimre
1385 1924 1563 1994 emebantur,
1576 1922 1721 1993 ananelum
1743 1936 1797 1977 non
1815 1923 1852 1979 ab

1063 2013 1152 2082 aliud,
1167 2015 1217 2070 nisi
1229 2015 1290 2086 qtria
1303 2014 1343 2070 sic
1351 2014 1396 2070 illa
1408 2014 1495 2068 arnaria
1508 2012 1670 2068 simulatoria
1681 2010 1849 2083 gerebantur,

1064 2114 1190 2176 tanquam
1211 2120 1304 2161 rernm
1318 2113 1390 2160 essct
1409 2103 1480 2175 quod
1503 2102 1541 2157 iiii
1560 2101 1701 2169 dicebant,
1725 2102 1771 2172 qui
1792 2101 1851 2157 sine

1063 2195 1266 2253 circumcisione
1295 2193 1417 2265 arcontii
1437 2201 1516 2263 atquc
1539 2191 1599 2246 aliis
1620 2190 1851 2246 enarrationibus

1064 2298 1124 2361 (atra
1137 2297 1213 2345 crant
1225 2287 1326 2342 nmina
1336 2285 1502 2350 tatarorum,
1516 2281 1789 2354 ouemntercdentes
1796 2281 1851 2335 sai·

1064 2396 1113 2437 ros
1125 2395 1185 2436 esse
1200 2395 1251 2435 ann
1266 2393 1357 2450 posse.-

1100 2471 1145 2527 ts.
1162 2471 1232 2542 Erga
1244 2467 1449 2526 etiiarotircunr
1462 2464 1630 2523 circumcidit
1642 2472 1802 2535 propterea,
1817 2479 1852 2521 ac

1064 2563 1173 2629 iudeis,
1184 2571 1211 2618 ci
1222 2562 1336 2620 maxime
1348 2559 1500 2631 cognationi
1510 2559 1568 2628 ejus
1585 2567 1713 2612 materna
1723 2557 1762 2612 sie
1776 2557 1851 2613 ride-

1064 2664 1156 2713 rentur
1165 2657 1209 2726 oui
1220 2670 1252 2710 ex
1265 2651 1429 2710 Gentibmia
1440 2646 1749 2706 Christumeredidcrant
1759 2680 1768 2714 ,
1778 2647 1852 2703 deic-

1064 2744 1129 2801 stari
1137 2741 1376 2807 circumcisionem,
1386 2741 1455 2796 sicat
1463 2737 1611 2794 idololatria
1626 2736 1779 2793 detestanda
1791 2748 1850 2802 cst;

1064 2842 1126 2893 cnm
1148 2835 1220 2889 iiiam
1243 2834 1312 2888 iicrs
1323 2831 1380 2887 iieri
1394 2828 1568 2902 preceperit,
1588 2827 1657 2882 hanc
1669 2838 1775 2882 catastas
1789 2840 1850 2897 per·

1064 2925 1186 2982 suaserit.
1204 2922 1237 2978 El
1260 2922 1348 2977 Titum
1376 2926 1515 2992 propterea
1536 2930 1589 2973 aon
1610 2916 1794 2983 circumcidit,
1819 2931 1853 2972 ne

1064 3012 1231 3073 oceadoncrn
1243 3012 1321 3067 daret
1334 3011 1372 3067 eis
1385 3011 1432 3081 qul
1443 3010 1502 3065 sinc
1512 3009 1557 3064 iila
1569 3006 1770 3064 circumcisione
1781 3004 1854 3067 dice·

1064 3102 1275 3162 iiaalcredeatcs
1294 3104 1381 3160 salros
1390 3110 1450 3159 etse
1464 3116 1517 3157 non
1529 3112 1621 3172 posse.
1635 3107 1663 3156 et
1672 3098 1705 3154 ad
1717 3099 1852 3170 deceptio·

1064 3194 1126 3253 nem
1139 3195 1263 3253 Gentium
1281 3194 1332 3250 irae
1346 3194 1424 3249 etiarn
1447 3192 1577 3249 Paulum¹
1593 3190 1693 3246 sentire
1711 3191 1851 3260 jactarent.

1065 3286 1142 3355 Qaud
1162 3287 1218 3356 iaec
1230 3287 1295 3342 satis
1307 3286 1452 3356 signiticat,
1472 3283 1517 3348 aii
1533 3283 1592 3338 ait:
1609 3281 1661 3338 Sed
1683 3297 1760 3352 neque
1784 3280 1854 3335 Titus

1065 3380 1109 3452 otti
1122 3378 1219 3435 nimum
1237 3380 1307 3444 erut,
1323 3394 1380 3431 cnm
1392 3385 1454 3431 estet
1467 3373 1585 3441 Groecat',
1600 3375 1745 3446 comasino
1756 3383 1792 3428 est
1802 3374 1854 3426 cir·

1066 3471 1175 3532 concidi
1185 3486 1195 3524 .·
1204 3479 1307 3542 propter
1320 3468 1607 3525 mlltttroductosuutcm
1614 3463 1694 3534 schoa
1701 3463 1801 3534 iratres,
1812 3463 1855 3534 oui

1066 3561 1260 3621 mllnirolcrant
1277 3561 1429 3635 autmutari
1443 3558 1580 3614 libertatem
1599 3565 1721 3622 rostram,
1736 3564 1763 3609 ttt
1773 3570 1819 3608 nos
1829 3555 1855 3608 ia

1066 3644 1855 3722 semitutetttrcdiqerent,qniittsnecodirorurnccrslmttssalrje-

1066 3744 1157 3808 ctione,
1174 3751 1201 3796 ut
1212 3743 1301 3795 ueritas
1313 3738 1443 3811 Erurmeiii
1451 3735 1634 3809 pontonariad
1642 3732 1765 3804 catilini.
1779 3747 1809 3799 n,
1824 3734 1855 3788 3-

1067 3832 1106 3905 it).
1128 3833 1176 3888 ilic
1187 3840 1296 3902 apparet
1307 3829 1370 3901 quid
1383 3844 1429 3884 cus
1447 3836 1554 3896 captare
1566 3824 1741 3888 intellexerit,
1753 3835 1782 3876 nt
1801 3837 1854 3876 noa

1067 3925 1166 3982 iaceret
1179 3923 1250 3996 quod
1260 3924 1287 3981 in
1297 3921 1437 3977 Timotheo
1450 3920 1558 3986 iecerat,
1569 3927 1596 3974 et
1609 3917 1678 3990 quod
1693 3931 1723 3972 ea
1735 3917 1856 3971 libertate

1068 4015 1153 4071 iacere
1168 4022 1285 4085 poterat,
1306 4028 1358 4085 qus
1372 4011 1524 4068 ostenderat
1537 4012 1547 4043 ¹
1562 4011 1606 4065 illa
1627 4016 1791 4065 sacraracutu
1808 4021 1857 4062 nce

1069 4114 1191 4177 tanquam
1214 4103 1361 4160 necessaria
1376 4102 1474 4159 deitere
1487 4102 1574 4172 appeti
1586 4139 1595 4168 ‚
1609 4114 1661 4156 acc
1673 4109 1796 4170 unquam
1811 4113 1855 4154 sa·

1067 4198 1163 4269 criiega
1178 4195 1275 4252 debete
1288 4195 1417 4251 dattttmri.

1105 4291 1148 4347 ia.
1163 4289 1215 4346 Scd
1224 4288 1369 4343 carendum
1380 4292 1421 4343 cst
1430 4285 1552 4342 videlicet
1564 4285 1590 4339 in
1606 4285 1654 4340 ltac
1666 4283 1854 4354 disputatione,

1068 4395 1121 4448 ne,
1141 4381 1208 4435 sieut
1222 4377 1388 4449 ph'losapiti,
1403 4376 1523 4447 ‹ruadmn
1539 4375 1605 4430 iacta
1619 4373 1753 4428 hominurn
1768 4373 1854 4427 urredia

1068 4469 1188 4529 dicamas
1202 4470 1269 4523 inte'r
1283 4479 1355 4524 recte
1370 4466 1466 4522 tructam
1481 4474 1509 4521 et
1528 4475 1681 4534 peccatum,
1695 4477 1755 4536 qttte
1769 4477 1856 4536 nequae

1069 4560 1098 4617 in
1107 4569 1180 4616 recte
1189 4558 1276 4642 iactis,
1286 4573 1371 4629 nequae
1381 4557 1407 4612 in
1416 4557 1530 4628 peccatis
1539 4563 1720 4619 nocumentum
1729 4563 1856 4623 cturgca-

1069 4667 1131 4711 mur
1142 4668 1175 4709 co
1186 4650 1257 4724 quod
1275 4651 1416 4707 observare
1429 4649 1507 4718 Legis
1520 4647 1678 4703 cerimonias
1693 4661 1744 4705 autu
1769 4654 1856 4715 aotcst

1070 4756 1131 4802 csse
1145 4741 1314 4808 indifferens,
1339 4739 1387 4796 sed
1407 4746 1462 4808 aut,
1473 4739 1589 4805 bonum,
1605 4744 1651 4793 aut
1672 4737 1769 4792 naulum
1785 4753 1792 4790 ι
1808 4745 1855 4803 ut,

1070 4838 1093 4894 si
1102 4838 1201 4894 bortum
1212 4835 1371 4899 dixerimus,
1384 4846 1430 4889 eas
1442 4845 1491 4887 aas
1504 4840 1610 4901 uroque
1621 4827 1768 4884 obseruare
1779 4842 1857 4898 eoga-

1070 4943 1149 4994 ntur,
1165 4928 1188 4982 si
1203 4934 1290 4981 sutem
1304 4924 1421 4990 malurn,
1444 4935 1496 4980 nun
1511 4930 1592 4986 rere,
1611 4917 1659 4977 scd
1680 4916 1801 4972 simulato
1823 4916 1858 4970 alr

1071 5018 1204 5090 dposudis
1217 5014 1371 5071 observatas
1383 5027 1443 5067 esse
1456 5009 1605 5066 credamus.
1630 5008 1686 5077 Ego
1698 5020 1762 5063 vcro
1783 5006 1853 5074 sao

1070 5109 1146 5166 stalis
1172 5122 1224 5162 non
1253 5115 1306 5160 tam
1336 5102 1486 5172 exemplum
1515 5099 1732 5171 philosophorum
1758 5097 1852 5164 timeo,

1071 5198 1178 5270 quando
1190 5207 1217 5251 ct
1230 5195 1267 5251 iili
1283 5195 1309 5249 ia
1324 5208 1371 5250 sua
1384 5190 1564 5263 disputatione
1578 5190 1632 5244 reri
1643 5187 1741 5261 aliquid
1753 5187 1855 5252 dicuat,

1070 5304 1149 5359 quam
1169 5285 1312 5342 dorensium
1325 5284 1511 5340 aduocatorum
1524 5322 1532 5350 ,
1547 5280 1653 5353 quaudo
1667 5280 1693 5334 ia
1710 5278 1856 5336 alienarum

1071 5392 1209 5440 massarum
1234 5376 1339 5432 acdona
1358 5366 1532 5431 mentiuntur.
1545 5372 1664 5440 Quorum
1676 5371 1820 5426 similitudo
1834 5371 1857 5425 si

1104 5520 1200 5589 ¹tatic.
1217 5524 1270 5568 tiss
1283 5517 1345 5576 duo,
1365 5529 1412 5567 non
1430 5529 1511 5582 possa,
1530 5521 1553 5566 et
1571 5511 1598 5567 id
1611 5521 1735 5571 Decimam
1750 5511 1857 5565 ceruina

1071 5588 1175 5700 ⁸⁰:¹⁸th
1188 5653 1243 5698 scr,
1254 5638 1393 5695 ostenderet.
