3906 6390
147 294 199 350 tsi

147 406 282 476 orridqnam
294 405 320 459 iu
330 421 383 460 mee
395 413 475 461 merom
483 407 587 462 retinere
595 405 661 475 quod
669 404 741 459 distet
750 420 766 457 a
775 403 857 457 initiis
871 398 931 457 Non

147 497 213 550 euim
225 496 339 551 conuenit
351 504 377 549 tu
387 495 418 549 ab
427 496 594 550 odolescentia
606 512 682 564 espec
693 495 728 549 ad
739 495 804 549 benc
816 503 930 558 retatus,

147 585 175 639 irs
186 584 364 640 monsteriolo
377 602 434 639 mm
447 586 539 640 martis
560 585 678 657 fratriiss
697 585 781 640 loirore
796 584 931 658 dmrtdeat,

148 676 242 746 almerid
253 684 340 730 contro
349 677 493 748 episcopum
505 678 686 732 communionis
698 692 759 732 meos
769 676 875 732 scribere
884 692 932 731 eu·

148 768 237 828 deam,
256 773 281 819 et
294 781 350 819 eunt
363 766 507 836 episcopum
525 782 597 836 quem
610 775 669 821 orote
681 766 745 834 coepi
759 781 845 820 carme
857 780 932 834 mom

149 870 232 919 nom,
244 855 288 926 spui
299 871 338 909 me
349 857 419 926 prior
433 856 467 908 od
476 857 611 910 redddam
625 857 776 928 prouocauit,
792 871 868 924 ouem
877 861 937 925 pest

149 960 188 999 ras
201 945 321 1000 orientem
339 945 366 999 in
388 945 579 1015 Scnpurersm
599 944 739 999 eruditione
755 945 853 999 letatus
866 959 932 996 sum.

149 1031 234 1102 lpitur
250 1042 294 1088 out
306 1044 376 1088 tuum
389 1045 478 1104 amato
490 1034 589 1096 liberos,
603 1035 626 1089 xi
642 1038 704 1105 ferte
716 1050 765 1089 nen
775 1043 832 1088 taus
844 1042 896 1098 est,
911 1041 934 1087 et

150 1121 235 1176 desim
245 1123 362 1193 depitere
371 1123 516 1192 rescriptum
526 1122 560 1176 od
569 1139 598 1177 eo
609 1138 665 1192 quse
674 1138 723 1177 nors
735 1122 856 1191 scripsisti
865 1139 876 1188 ,·
889 1129 934 1176 aut

152 1213 174 1267 si
187 1221 246 1266 tuus
259 1223 310 1278 est,
323 1213 430 1283 impensu
441 1213 578 1282 confitere,
593 1221 621 1267 ιιι
632 1213 654 1267 si
666 1213 696 1266 in
706 1212 874 1283 defensionem
886 1211 934 1265 mei

150 1301 236 1369 edoce
248 1303 387 1371 scripsere,
400 1302 427 1357 iu
441 1311 464 1356 te
476 1301 552 1373 calpa
570 1303 602 1357 sit
622 1302 665 1374 orti
681 1302 830 1369 prouocasti,
844 1317 894 1357 uon
907 1301 934 1356 in

150 1406 190 1444 ure
200 1392 243 1458 qui
258 1391 408 1460 respendere
417 1392 561 1463 compulsus
575 1408 639 1448 ιιιιιι.

176 1478 299 1541 ,cut‘bl
309 1478 417 1537 ill-5.
427 1480 507 1536 dddis
517 1489 636 1550 moetmse
646 1491 669 1536 te
678 1489 793 1552 paetum
802 1496 854 1536 esse
865 1482 935 1548 trt‚si

151 1568 211 1635 quid
221 1584 260 1622 me
272 1569 299 1623 in
313 1570 362 1622 tuis
372 1569 472 1640 scriptis
490 1571 607 1635 mouerit,
627 1578 672 1625 aut
687 1570 811 1639 corripere
822 1569 933 1637 roisem,

152 1662 262 1728 fruare
273 1659 401 1728 accipies,
419 1668 443 1714 et
459 1676 509 1714 nen
529 1660 611 1715 seium
624 1676 678 1714 meo
692 1660 719 1714 iu
732 1670 756 1714 te
768 1660 935 1714 benevelentia

150 1748 303 1818 parborum,
312 1748 357 1803 sed
364 1757 390 1804 ut
400 1748 447 1803 tor
456 1747 540 1820 ipsum
551 1750 653 1822 faeiem,
664 1748 813 1820 deprecaris.
825 1749 936 1805 Rursum

151 1836 207 1889 dice
221 1836 288 1903 qood
301 1838 379 1892 sendo
390 1853 400 1892 .·
412 1853 531 1910 praeeras
544 1855 647 1905 senem,
668 1846 790 1895 tacentem
809 1839 933 1907 stirnsios,

151 1925 242 1981 rideris
258 1927 358 1996 jactare
377 1927 526 1982 doctrinam.
549 1928 609 1984 Nou
622 1938 658 1982 est
672 1937 755 1982 autem
767 1930 847 1982 etatis
862 1944 933 1994 ama,

152 2016 236 2082 putari
246 2017 395 2078 nealceelum
407 2034 466 2089 erpo
479 2035 536 2072 arnt
545 2019 585 2072 cui
595 2020 674 2089 sorapis
685 2021 795 2090 [arerem
806 2017 891 2077 deice.
902 2018 936 2075 b'r

152 2101 174 2155 si
186 2102 212 2156 iu
225 2102 367 2173 Eoenpcliis
378 2121 408 2159 ec
417 2104 552 2175 Prepltetis
564 2108 671 2178 peroemi
684 2107 796 2161 benriues
809 2109 936 2164 inueniunt

153 2191 220 2258 osred
233 2191 344 2245 uitentur
355 2195 552 2260 repreleerrdere,
566 2196 665 2251 arireris
676 2195 697 2250 si
710 2196 737 2249 in
751 2196 800 2249 tuis
819 2195 900 2263 libris,
913 2208 936 2252 et

154 2279 263 2334 stramine
276 2280 302 2333 in
314 2279 503 2352 Scripturarum
515 2284 678 2352 exposuistis,
691 2300 749 2354 osee
759 2287 797 2340 rei
810 2284 935 2341 obsessis-

153 2368 224 2421 simoe
235 2376 292 2422 suut
304 2411 312 2435 ,
325 2370 439 2440 quadum
451 2388 466 2424 e
479 2373 540 2426 secti
553 2373 620 2426 tinea
631 2374 773 2444 discrepare
784 2375 937 2431 rideantur?

154 2457 187 2511 tu
195 2459 242 2512 icoc
251 2459 317 2525 dico,
329 2477 378 2515 non
387 2463 455 2533 quod
466 2463 492 2516 in
502 2463 617 2534 operibus
626 2464 674 2518 tuis
683 2464 797 2532 arcadem
807 2465 936 2536 repreben-

153 2546 297 2617 dcndajam
309 2565 430 2604 censeam.
444 2551 532 2620 Neque
542 2553 607 2606 euim
619 2554 718 2606 lectioni
729 2570 813 2607 carrum
826 2569 936 2624 enarrem

153 2651 256 2707 operam
266 2637 323 2691 dedi
334 2655 344 2692 .·
356 2657 401 2694 nec
414 2640 502 2694 berum
512 2642 720 2712 ereurplariorurn
729 2643 798 2712 opud
809 2659 854 2696 nos
864 2643 936 2713 copia

154 2733 199 2791 esi,
223 2737 315 2795 pre’ler
329 2728 528 2800 soliloquiorum
545 2741 644 2785 tuorum
663 2733 756 2797 libres,
777 2743 800 2785 ct
814 2732 936 2804 precedam

154 2815 351 2874 Cerrrrrrentarios
363 2824 388 2875 in
400 2820 532 2888 Putrem
544 2840 605 2892 quos
615 2824 637 2877 si
647 2823 733 2882 erilem
743 2823 874 2885 discutere,
886 2839 936 2878 neu

154 2904 265 2960 dicento
279 2924 327 2973 me,
342 2909 384 2981 pai
405 2910 468 2963 nibil
483 2927 555 2974 srrnr,
578 2910 622 2969 scd
638 2927 653 2965 a
667 2920 775 2967 mlerrrm
790 2910 935 2971 Graecarum

155 2994 267 3058 docerem
280 2998 522 3068 interpretationibus
535 3000 686 3069 discrepare.
705 3000 775 3067 Vale,
790 3002 824 3055 mi
838 3003 933 3070 artrice,

154 3082 309 3152 citarissimc,
323 3096 396 3143 etate
410 3088 458 3158 pti,
469 3090 589 3160 dipositate
601 3106 690 3158 parem
702 3105 712 3144 .·
723 3098 746 3144 et
759 3091 805 3144 laec
817 3107 833 3143 a
846 3107 885 3144 me
894 3107 935 3145 re·

154 3181 228 3240 petus
241 3175 358 3243 obsura,
378 3188 404 3231 st
422 3178 543 3250 quidquid
556 3179 616 3232 rrriiri
630 3179 768 3250 scripseris,
783 3180 817 3234 ad
830 3196 868 3235 trae
880 3183 934 3252 pri·

154 3278 221 3317 rosum
235 3264 315 3334 [acies
329 3269 465 3338 pervertite.

356 3355 517 3422 Eculeus
532 3357 636 3421 Lllell
650 3363 659 3382 ⁶
675 3359 724 3431 (a).

154 3437 333 3512 llieronpmum
352 3445 440 3500 litteris
458 3447 510 3501 suis
530 3447 644 3502 uoaaibil
662 3446 785 3514 offanum
798 3448 936 3504 darruiccre

185 3531 268 3594 studet
281 3533 445 3606 depastum.
460 3535 609 3607 Apelepiam
622 3537 690 3591 iliius
704 3547 791 3591 centro
806 3537 935 3609 iiufflnum

185 3622 309 3691 accepisse
331 3639 358 3679 se
380 3633 497 3691 testatur,
520 3625 656 3696 deplorans
678 3635 759 3680 tentos
783 3627 847 3680 inter
869 3627 935 3683 eires

184 3712 310 3779 quendem
332 3714 496 3769 ousieissiares
515 3724 565 3768 taur
586 3716 768 3770 arrremleatam
783 3718 934 3771 discordiam

186 3802 312 3865 incidisse.

151 3890 262 3948 bromiue
282 3895 433 3951 uenerande
456 3904 482 3971 et
501 3895 724 3952 desideratissima
748 3895 836 3962 fratri,
858 3913 932 3955 cem-

184 3983 339 4053 presbytero
362 3984 530 4051 lltsaesnuo,
555 3988 736 4052 decusando,
763 3987 789 4041 in
823 3987 933 4043 Doraim

184 4072 304 4127 salutern

183 4160 258 4217 Cll’.
273 4162 476 4229 cumbet-l.
485 4165 609 4234 Quamvis
621 4166 779 4234 existimem,
793 4176 932 4238 areteqrmm

150 4252 493 4319 istassurnercs,uenissein
502 4266 656 4313 mamistam
665 4258 767 4313 litteras
776 4273 933 4329 mensuras

150 4345 253 4419 perlici
266 4360 381 4413 marono,
394 4347 474 4401 iulium
485 4358 613 4410 nestrum,
625 4348 783 4419 Cypriorum
793 4347 932 4403 diaconum

150 4433 223 4499 misi;
236 4435 330 4504 qrribus
340 4436 487 4494 certissime
499 4451 656 4511 agnosceres
669 4452 753 4491 aream
765 4451 825 4492 esse
835 4438 933 4508 episto-

149 4522 218 4592 iem,
231 4526 306 4597 coires
319 4527 479 4598 exemplaria
493 4527 555 4583 illue
569 4528 720 4599 pervenisse
738 4543 931 4585 commemora-

149 4613 199 4677 sti:
214 4616 348 4687 andelam
362 4632 404 4673 me
416 4616 530 4675 arbitrer
539 4618 673 4698 rescriptis
687 4623 746 4682 tuis,
761 4619 831 4680 reiut
843 4619 931 4681 Ercul-

149 4703 210 4766 linis
234 4707 373 4784 glandibus
401 4717 478 4778 atque
505 4709 610 4774 acrilrus
641 4708 781 4775 aestibus,
809 4718 930 4780 unquam

148 4795 273 4852 ιιιιιιιιηι
285 4798 405 4853 ὓιιιιιιιιι
413 4799 525 4868 coepisse
534 4797 634 4868 pulsari
645 4807 724 4868 atqrre
734 4799 849 4854 temari:
861 4814 932 4861 auae

150 4891 236 4940 ramea
249 4886 288 4941 eis
302 4887 365 4957 ipsis
379 4887 527 4956 respondeo
546 4887 640 4941 litteris
654 4887 869 4957 coinquinamini
884 4903 932 4958 per

147 4984 268 5030 maecum
282 4974 362 5030 iliam
375 4986 492 5031 nestrum
503 4976 635 5032 Asterium
646 4976 750 5031 mittere
760 4976 929 5046 signatores

149 5067 174 5126 ln
186 5067 282 5136 auibus
297 5070 378 5124 resulta
390 5070 415 5123 in
425 5085 468 5129 me
479 5069 600 5139 cerrxperi
611 5077 663 5130 tuae
675 5069 930 5134 benevolentissimae

148 5155 300 5224 charitatis,
315 5168 341 5214 ιι
362 5176 454 5215 rursus
467 5161 586 5232 procedam
600 5160 778 5225 nonnulliusa
798 5177 840 5217 me
855 5163 863 5194 ¹
879 5173 929 5227 tuae

143 5289 235 5398 nasio
245 5290 298 5340 nal.
317 5297 354 5340 tr.
367 5299 393 5344 et
408 5293 533 5344 sexdecim
551 5298 605 5343 tiss.
627 5299 655 5343 ιι
669 5298 723 5344 tex.
745 5293 828 5354 babet,
842 5293 930 5347 ωιίιιιαι

175 5428 220 5478 'tn
236 5429 281 5480 bae
292 5432 441 5483 ememlanda
451 5435 489 5485 usi
500 5445 583 5485 semus
593 5445 615 5482 a.
629 5433 664 5484 bt.
682 5433 724 5484 bu.
735 5434 754 5497 j.
766 5449 811 5485 mr.
822 5450 843 5486 ι.
855 5448 876 5488 s
888 5437 927 5490 sb.

144 5493 162 5537 t.
176 5502 212 5539 ιι.
224 5491 319 5542 duobus
328 5506 364 5543 ee.
376 5494 488 5544 undecim
498 5509 521 5545 ι.
533 5503 582 5544 sm.
595 5495 649 5545 bed.
662 5502 699 5544 Ει.
709 5501 764 5545 tor.

142 5569 209 5687 wael
222 5572 282 5623 alias
302 5579 330 5625 tu
341 5589 347 5624 ι
360 5589 414 5637 qun
425 5585 506 5634 sotem
520 5579 551 5628 'to
563 5586 627 5636 crat,
647 5591 709 5628 ronne
720 5578 774 5629 rili.
786 5581 843 5644 seri,
852 5586 876 5631 te
887 5593 925 5633 aa.

729 287 968 349 serstousutllt
988 285 1122 340 etelsus
1139 286 1171 343 ll.

1711 291 1764 351 ‘tte

984 401 1138 457 eliensionrs
1149 400 1254 458 indicia.
1272 402 1376 476 ltaque,
1389 404 1433 461 ubi
1447 403 1581 460 rtrulccbar
1600 405 1707 476 legens,
1728 405 1764 461 ibl

984 493 1253 561 continuandorum
1275 496 1326 551 lsoe
1345 510 1409 552 sene
1428 497 1468 552 vel
1493 499 1605 551 acasium
1619 495 1764 563 arlrnirans,

985 583 1055 653 qrred
1068 599 1129 644 enm
1143 583 1215 639 dicas
1228 592 1254 639 te
1267 586 1461 655 exemplaribus
1478 587 1624 641 litterarum
1646 601 1764 641 mennam

985 671 1044 726 ideo
1059 680 1158 728 temere
1173 688 1224 727 uon
1242 682 1347 743 putasse
1360 674 1538 742 eredendum,
1552 691 1585 730 ue
1599 674 1667 730 irrrte
1681 685 1707 730 te
1721 691 1766 731 re·

985 761 1130 830 spondente
1151 763 1230 816 laesus
1247 762 1317 832 juste
1336 763 1548 833 expostularem,
1570 764 1639 835 quod
1654 764 1768 835 probare

985 858 1045 905 sorte
1053 850 1189 908 debuisses
1198 867 1285 906 urcem
1296 866 1354 908 esse
1364 867 1512 908 sermenem
1522 854 1597 910 etsie
1610 854 1766 920 rescribere,

986 946 1075 1008 postea
1084 939 1190 1009 juburs,
1200 941 1222 995 si
1232 956 1289 996 mes
1302 949 1344 998 est
1352 943 1474 1013 epistole,
1484 953 1575 1014 specte
1584 961 1627 1000 me
1637 945 1766 1014 seribere,

985 1038 1031 1086 eut
1044 1031 1149 1088 mittere
1164 1033 1324 1104 exemplaria
1343 1035 1464 1103 rcriera,
1481 1044 1510 1091 ut
1523 1038 1623 1108 absque
1634 1038 1688 1094 ulle
1702 1053 1765 1095 ran·

985 1137 1047 1178 cere
1058 1122 1187 1182 stomachi
1196 1125 1221 1178 in
1232 1123 1426 1194 Scripturarom
1435 1125 1611 1197 disputatione
1620 1143 1766 1185 ιιιιιιιιιι.

986 1212 1044 1281 Quo
1063 1222 1140 1284 pacto
1161 1215 1230 1270 caim
1252 1231 1391 1285 possumus
1405 1218 1431 1273 in
1450 1217 1499 1272 bac
1518 1217 1692 1289 disperatione
1710 1221 1769 1277 sine

986 1318 1096 1359 maerore
1108 1305 1216 1371 uersari,
1227 1305 1249 1361 si
1262 1321 1305 1361 me
1317 1305 1412 1362 indere
1422 1306 1518 1376 paras?
1530 1309 1604 1363 autu
1616 1324 1667 1363 nera
1677 1323 1766 1378 paras,

986 1396 1117 1465 qrtemode
1136 1412 1202 1468 ege,
1225 1407 1252 1454 te
1272 1413 1324 1453 uon
1340 1397 1467 1464 ludente,
1489 1399 1537 1455 ebs
1559 1409 1584 1456 te
1605 1401 1684 1456 lasus
1697 1401 1769 1472 laute

985 1486 1193 1556 expostularem,
1213 1488 1283 1560 arrad
1303 1491 1415 1560 probare
1433 1499 1494 1547 sate
1513 1488 1665 1557 debuisses,
1680 1505 1782 1548 murm·

986 1588 1044 1630 esse
1058 1591 1224 1641 sermenem,
1242 1587 1269 1634 et
1287 1579 1326 1633 sie
1339 1579 1501 1647 rescribere,
1517 1579 1567 1636 bec
1579 1590 1619 1635 est
1631 1590 1657 1635 ιι
1669 1581 1707 1635 sic
1721 1581 1768 1637 ire·
1799 1632 1807 1649 „

986 1669 1066 1727 desei
1080 1668 1132 1724 Nisi
1146 1669 1216 1725 cuim
1229 1670 1398 1725 rcscribendo
1408 1669 1533 1735 laesisses,
1546 1685 1596 1742 ege
1608 1670 1676 1741 juste
1689 1687 1769 1743 expe·

986 1759 1084 1815 stolam
1104 1775 1155 1814 nore
1174 1773 1289 1828 possem.
1309 1759 1424 1814 Proinde
1442 1775 1502 1815 eum
1521 1760 1556 1814 ita
1576 1760 1718 1828 resemble,
1740 1770 1770 1817 ut

986 1851 1083 1917 laedas,
1106 1850 1256 1921 anisiacus
1277 1850 1353 1905 uoltis
1372 1850 1528 1921 relinquitur
1547 1851 1572 1905 in
1592 1851 1770 1921 disputatione

987 1940 1181 2012 Scripturarum
1192 1940 1249 1996 siae
1263 1940 1315 1994 ulle
1325 1954 1436 1995 rancore
1446 1939 1586 1995 remundi?
1598 1941 1654 2012 Ege
1662 1941 1769 2012 qrridern

987 2034 1055 2089 absit
1074 2042 1101 2088 ut
1122 2032 1217 2096 ludar,
1239 2033 1261 2086 si
1275 2030 1337 2086 milri
1352 2039 1423 2086 certa
1438 2031 1540 2086 ratione
1552 2030 1665 2086 uolueris
1680 2040 1706 2085 et
1721 2046 1769 2100 po·

988 2124 1069 2180 ueris
1078 2125 1261 2180 demonstrare
1272 2123 1333 2178 illud
1344 2139 1375 2178 ex
1387 2123 1502 2193 Epistola
1514 2123 1641 2193 Apostoli,
1656 2124 1696 2177 ιιι
1707 2124 1770 2194 arsid

987 2215 1056 2270 eliud
1075 2214 1269 2285 seripturarum
1289 2221 1438 2269 sanctarum
1455 2221 1480 2266 te
1493 2213 1581 2268 scrius
1599 2212 1770 2280 intellexisse,

987 2319 1066 2374 qoam
1081 2319 1124 2360 me
1140 2322 1146 2358 :
1163 2304 1216 2358 ime
1234 2318 1297 2358 rere
1317 2302 1404 2368 absit,
1425 2309 1454 2355 nt
1474 2317 1526 2355 nou
1548 2317 1608 2357 cram
1628 2303 1770 2371 gratiarnm

987 2395 1090 2450 actione
1104 2393 1183 2449 locris
1197 2393 1264 2449 meis
1277 2393 1416 2465 deputem,
1432 2392 1454 2447 si
1471 2392 1545 2451 soem
1558 2402 1583 2448 te
1595 2392 1707 2448 decente
1727 2391 1771 2448 in·

988 2493 1113 2550 strueres,
1126 2491 1170 2539 sut
1184 2482 1338 2539 concordante
1351 2490 1496 2542 correctus.

1022 2572 1050 2626 2.
1069 2571 1272 2635 llemrmmmcn,
1287 2570 1393 2625 tumibi
1407 2571 1487 2625 irater
1500 2570 1664 2636 charissime,
1679 2571 1728 2626 nisi
1743 2581 1771 2628 te

988 2671 1094 2733 putares
1115 2663 1207 2717 laesum
1230 2660 1335 2731 seriptis
1356 2660 1439 2727 meis,
1455 2675 1506 2715 nen
1522 2676 1565 2715 me
1584 2668 1690 2729 putares
1710 2661 1770 2718 indi

987 2769 1066 2825 pesse
1086 2753 1220 2823 rescnptis
1241 2751 1303 2807 tols.
1318 2750 1394 2806 Nolle
1409 2749 1478 2805 carim
1494 2750 1572 2804 mede
1587 2750 1613 2805 id
1626 2750 1660 2806 de
1673 2761 1697 2806 te
1711 2751 1772 2820 epi·

988 2852 1064 2904 tratres
1077 2842 1150 2906 luere
1160 2885 1166 2904 ,
1178 2841 1247 2912 qrrort
1263 2857 1314 2896 nen
1329 2849 1356 2896 te
1367 2841 1502 2895 arbitraris
1521 2841 1627 2908 bessem,
1643 2841 1665 2894 si
1679 2840 1718 2895 sie
1732 2849 1771 2896 ta·

987 2950 1048 2989 meu
1063 2932 1185 2988 rescribis
1198 2940 1226 2986 ut
1240 2930 1330 2986 ladas.
1347 2930 1398 2984 sut
1410 2931 1432 2985 si
1447 2937 1472 2984 te
1484 2944 1535 2989 aete
1548 2930 1585 2983 sie
1599 2930 1784 2998 rescribentes

987 3041 1036 3096 ege
1050 3033 1157 3095 propter
1169 3022 1421 3078 nimiamstaltitiam
1431 3037 1516 3076 meam
1532 3021 1589 3076 laedi
1602 3035 1679 3091 posse
1691 3030 1771 3092 puts-

988 3124 1029 3170 tus
1042 3129 1115 3178 suro,
1129 3112 1179 3168 hec
1195 3114 1252 3183 ipso
1264 3111 1355 3168 lusisti
1370 3112 1457 3181 plane,
1470 3109 1540 3180 qued
1554 3111 1587 3166 de
1600 3125 1642 3166 me
1661 3111 1695 3165 ita
1709 3125 1772 3166 sex-

986 3206 1054 3265 sisti.
1067 3203 1124 3261 Sed
1135 3203 1296 3261 notteeaeae
1311 3209 1338 3256 to
1354 3217 1413 3265 rue,
1438 3216 1515 3270 quem
1537 3216 1668 3272 aroannam
1691 3200 1772 3257 taleas

987 3303 1168 3367 expertuses,
1184 3301 1283 3348 temere
1304 3292 1382 3346 atem
1403 3290 1539 3355 crederes,
1560 3291 1603 3362 (μή
1624 3291 1770 3346 litterarum

988 3399 1105 3441 mearum
1120 3381 1328 3452 exemplaribus,
1343 3379 1421 3434 etiam
1435 3394 1494 3435 eum
1508 3379 1597 3434 stilum
1610 3395 1697 3434 meum
1709 3394 1771 3436 aes·

986 3490 1040 3536 ses,
1056 3482 1156 3528 ιιιιιιιι
1168 3471 1275 3526 credere
1287 3467 1401 3524 noluisti.
1422 3467 1450 3523 Si
1470 3468 1541 3522 enim
1564 3483 1615 3522 nea
1637 3467 1771 3524 immerite
1827 3506 1842 3524 .

987 3563 1075 3619 nidisti
1090 3577 1132 3617 me
1145 3562 1216 3632 juste
1227 3557 1453 3630 expostulaturum
1467 3556 1555 3622 inissa,
1568 3559 1589 3611 si
1602 3566 1701 3614 temere
1711 3573 1770 3615 erc·

986 3655 1064 3711 detes
1073 3667 1132 3708 esse
1142 3652 1242 3706 liberas
1252 3662 1335 3717 meas,
1345 3664 1404 3718 qua
1415 3663 1467 3703 nen
1478 3656 1566 3704 essem
1579 3662 1659 3711 mecm
1670 3657 1771 3717 ouante

983 3743 1082 3815 justius
1092 3741 1305 3811 expostularem,
1319 3738 1447 3808 meipsum
1469 3745 1568 3792 temere
1590 3744 1709 3806 potatum
1730 3746 1772 3791 ta·

987 3835 1037 3893 lem
1049 3875 1056 3900 ‚
1070 3832 1174 3902 arealem
1190 3845 1232 3885 me
1249 3836 1374 3898 expertus
1394 3842 1446 3883 nea
1467 3834 1538 3883 esset
1549 3826 1591 3897 qrri
1607 3827 1770 3896 parturisset?

985 3923 1156 3994 Noqrraquam
1172 3935 1235 3991 erge
1256 3919 1290 3974 ita
1310 3919 1503 3989 prolabereris,
1517 3926 1546 3972 ut
1563 3926 1590 3974 ιι
1604 3933 1657 3976 noa
1671 3917 1768 3975 reseri-

985 4014 1065 4069 beate
1079 4027 1132 4083 que
1145 4012 1267 4076 laberer,
1280 4024 1324 4065 me
1345 4017 1433 4064 tamen
1446 4008 1614 4065 existimares
1628 4008 1705 4064 arianis
1726 4007 1770 4065 lu·

985 4103 1135 4174 sipientem,
1147 4102 1226 4156 etiam
1238 4099 1282 4155 tali
1299 4106 1344 4154 tue
1355 4092 1483 4168 rescripte
1498 4096 1556 4152 laedi
1571 4097 1697 4169 potuisse.

1021 4191 1133 4250 CAPUT
1147 4190 1243 4245 tt.-s.
1258 4189 1350 4244 llrstat
1362 4187 1441 4258 igitur
1460 4197 1488 4242 ut
1506 4185 1564 4241 bed
1574 4203 1603 4241 re
1622 4203 1663 4242 me
1675 4188 1771 4244 reseri·

984 4284 1073 4341 bende
1085 4281 1250 4353 disponeres,
1266 4280 1287 4335 si
1300 4286 1373 4334 certe
1386 4276 1544 4337 documento
1558 4291 1699 4336 measesse
1710 4276 1770 4331 illes

986 4376 1088 4431 litteras
1100 4386 1233 4428 nemetes.
1249 4370 1335 4440 Atque
1350 4368 1394 4433 ita,
1410 4367 1469 4437 acria
1484 4382 1534 4420 aaron
1548 4364 1629 4422 eredo
1642 4365 1712 4438 qrrod
1726 4367 1767 4421 in-
1835 4422 1843 4431 ,

982 4466 1054 4538 iuste
1074 4480 1117 4520 me
1135 4461 1283 4520 ludendum
1300 4467 1419 4532 putares,
1434 4465 1555 4528 superest
1578 4467 1606 4513 ut
1627 4471 1768 4529 ngurascaut

984 4563 1120 4628 peceatum
1134 4566 1232 4618 meum,
1247 4549 1316 4621 qued
1330 4548 1401 4620 prior
1414 4555 1440 4603 te
1452 4548 1503 4601 illis
1522 4546 1615 4602 litteris
1634 4546 1766 4611 lescrim,

983 4661 1049 4718 quas
1058 4658 1130 4700 arms
1144 4657 1203 4698 esse
1215 4655 1310 4711 negare
1325 4652 1376 4701 nen
1392 4652 1508 4707 pessum.
1522 4634 1575 4691 Crrr
1588 4636 1675 4705 itaque
1685 4649 1768 4692 eoaer

983 4718 1074 4796 eontra
1088 4731 1202 4788 niominis
1218 4737 1347 4792 tractum,
1361 4741 1393 4781 ac
1406 4740 1458 4780 nen
1472 4725 1560 4795 petius
1570 4725 1672 4779 seoriam
1688 4725 1768 4795 petel

983 4822 1099 4878 Obsecro
1119 4829 1145 4874 te
1162 4832 1226 4889 erge
1247 4831 1294 4887 per
1316 4814 1543 4869 nrarrsnetodiuem
1557 4812 1670 4878 Christi,
1686 4822 1730 4880 ut,
1743 4815 1768 4869 sl

983 4911 1039 4971 lesi
1054 4920 1090 4975 ιι,
1097 4909 1218 4976 ‚dimittas
1234 4905 1313 4968 anibi,
1326 4919 1375 4959 acc
1387 4920 1429 4958 me
1444 4902 1558 4957 vicissim
1574 4901 1695 4956 ludendo
1706 4916 1766 4957 ms·

982 5001 1037 5064 ium
1057 5013 1105 5069 pra
1121 4997 1191 5059 malo
1204 4995 1309 5050 reddas.
1325 4993 1417 5049 Ludos
1436 5003 1522 5047 autem
1542 5009 1597 5057 rore,
1611 4993 1632 5046 si
1650 4991 1713 5048 mibi
1725 5000 1768 5050 tx·

981 5090 1068 5154 coeris
1078 5102 1197 5143 eruerem
1209 5100 1296 5141 aserim
1306 5127 1313 5149 ‚
1325 5099 1402 5154 quaem
1416 5080 1483 5137 lecte
1495 5081 1627 5137 inveneris
1644 5083 1670 5138 in
1690 5081 1766 5141 iactis

981 5180 1022 5243 rel
1037 5178 1114 5243 dictis
1129 5176 1205 5232 meis.
1220 5175 1285 5230 Nata
1299 5175 1321 5229 si
1339 5188 1369 5228 ea
1387 5173 1413 5227 ia
1434 5187 1476 5227 are
1494 5173 1694 5243 repreberuleris
1706 5189 1766 5244 quae

981 5267 1197 5348 reprehendenda
1220 5280 1272 5321 noro
1293 5273 1367 5330 suat,
1382 5272 1407 5318 te
1421 5261 1494 5318 iadis
1512 5263 1596 5339 magis
1614 5278 1692 5333 quam
1706 5279 1764 5332 rore3

980 5361 1050 5433 quod
1062 5360 1131 5415 absit
1145 5375 1159 5412 a
1175 5356 1292 5412 moribus
1303 5363 1330 5410 et
1345 5365 1437 5409 sancte
1456 5355 1590 5425 preposite
1603 5365 1657 5420 tua,
1674 5365 1700 5410 ut
1715 5354 1766 5414 boe

981 5453 1061 5509 iacias
1075 5450 1209 5506 uoluntste
1223 5445 1345 5512 laedendi,
1355 5446 1465 5515 culpans
1478 5445 1504 5500 in
1518 5462 1559 5501 me
1572 5446 1669 5517 aliquid
1686 5447 1766 5504 derne

981 5542 1120 5606 maledice,
1134 5539 1205 5610 qued
1219 5544 1308 5592 mente
1320 5534 1436 5600 veridica
1449 5552 1509 5592 esse
1520 5537 1573 5600 scis
1585 5555 1637 5594 rnen
1652 5538 1764 5609 coloren-

981 5633 1053 5691 dnm.
1071 5631 1107 5685 bc
1121 5633 1174 5698 per
1183 5628 1233 5682 boe
1247 5626 1433 5684 eut-benecolo
1447 5628 1526 5685 corde
1540 5644 1645 5700 segarus,
1658 5630 1766 5691 etiunsi
