3906 6390
883 62 896 93 Χ

745 252 983 313 aristotstttttt
1001 257 1139 320 CLAOEIS
1154 261 1200 320 111.
1243 212 1246 216 ·

164 263 213 320 rat
1747 274 1799 337 111

167 371 294 426 llabenms
306 377 449 426 tmaaram
457 366 536 438 ,διιιιιιι
548 367 576 420 in
587 366 652 422 aaa
664 366 792 435 piaililm,
806 375 833 420 ut
844 366 953 421 emimo-
1009 385 1054 423 nee
1066 375 1401 448 armentosissima,
1415 382 1453 436 sal
1464 391 1535 436 touta
1544 385 1624 453 pretio
1636 387 1795 443 redimatur:

165 463 201 515 tiu
210 460 306 515 uirtutis
318 460 349 513 sit
361 457 417 523 tnt,
426 468 449 511 et
459 473 509 511 stan
521 472 553 511 es
565 456 636 511 uobis
648 455 681 528 (ll
692 455 750 511 Cor.
759 471 799 523 tr,
814 456 858 528 ης
873 464 900 512 et
911 456 952 515 in·
1004 459 1065 528 rata
1077 462 1142 517 nint
1153 473 1189 520 est
1201 466 1228 520 irs
1244 467 1279 524 eis
1297 470 1420 536 vitiatam,
1433 472 1498 527 nibil
1516 484 1614 529 truatur
1636 478 1681 531 sab
1702 478 1797 535 diaboli

166 550 339 608 numerabilia
354 549 426 612 talia,
439 565 499 618 qum
512 548 547 604 tle
561 548 706 618 scripturis
716 549 841 604 omnibus
855 548 878 603 si
897 549 953 604 eol-
1006 558 1127 617 potestate
1137 555 1272 624 captiuum,
1284 574 1328 612 nse
1341 544 1386 629 pr'o
1400 561 1436 616 eis
1449 561 1521 632 sasas
1531 562 1567 620 'est
1579 568 1683 638 sangnis
1697 569 1740 638 pai
1755 573 1799 641 [a.

166 644 248 711 ligere
261 640 383 704 aelianus,
400 639 521 707 tertrpus¹
536 655 589 693 nun
604 638 711 693 sullicit.
726 639 759 693 Et
774 652 898 694 veremur
919 653 953 695 ue
1004 654 1048 692 sus
1063 641 1090 695 ia
1110 643 1279 700 rescissionem
1298 647 1389 718 legitur
1401 660 1561 718 peccatorum
1574 653 1688 725 (ilattlr.
1712 673 1795 726 xxva,

165 734 234 805 apud
250 747 275 790 tc
289 735 336 789 ista
351 735 405 802 ipsa
419 730 665 792 cutttmcmuraudu,
680 745 740 799 quim
753 730 854 798 majore
867 729 952 798 gratia
1004 727 1063 798 28).
1078 730 1232 803 Quanquam
1246 751 1293 805 per
1306 735 1465 806 baptismum
1480 739 1578 798 Christi
1592 746 1672 800 etiarn
1696 763 1800 818 parsu-1

165 827 198 880 ,ge
211 826 280 881 sgge
296 824 442 894 npoernttca
459 821 607 892 praedicas,
630 819 846 875 inconvenienter
866 820 953 874 lacere
1006 814 1092 874 lorum
1106 821 1161 875 lieri
1177 822 1403 909 redemptionem,
1416 828 1441 882 in
1456 829 1545 885 libello
1555 847 1605 887 suo
1617 833 1747 892 Cclcstius
1767 839 1794 905 in
1817 891 1819 895 ,

164 916 300 971 rideantur
313 931 320 975 ;
335 913 383 969 sed
397 912 457 968 idco
469 910 592 975 iacimus,
607 909 667 980 quia
681 924 715 964 eo
725 923 778 978 gato
792 908 952 962 inirrntnres
1004 905 1204 981 Carthaginensi
1218 913 1330 970 ecclesia
1341 915 1397 985 jam
1409 918 1546 975 conlessus
1559 932 1601 978 est
1616 941 1623 977 ι
1647 925 1695 981 sed
1716 927 1794 987 nula

163 1008 290 1073 sums,
311 1018 523 1077 quaquaversum
538 1002 649 1073 qnisque
664 1009 783 1056 nostrum
802 999 884 1055 serbo
905 1000 952 1056 bel
1004 997 1048 1067 qui
1063 1013 1154 1055 corum
1171 1001 1418 1072 perbibenturesse
1431 1009 1473 1064 rel
1486 1009 1718 1085 luissedbcipuli,
1734 1016 1805 1083 liare

164 1097 332 1168 praedicando
351 1104 459 1166 putatur
474 1094 616 1157 nitentior,
634 1090 754 1146 crebrius
773 1106 819 1146 cos
838 1091 952 1160 patimur
1003 1087 1078 1169 man
1093 1089 1188 1161 quibus
1211 1090 1381 1149 luridameuta
1403 1094 1555 1155 christiana
1576 1100 1639 1158 lldei
1661 1096 1793 1177 conantur

164 1191 190 1244 ia
203 1202 253 1244 nos
264 1196 291 1242 et
304 1185 432 1242 audacius
450 1185 627 1254 insurgentes.
1003 1186 1141 1245 eternae,
1156 1196 1322 1254 quacumque
1333 1195 1454 1255 possunt,
1466 1186 1600 1247 affirmare
1612 1209 1665 1249 nou
1676 1207 1793 1255 cessant.

70 1268 74 1275 '
196 1280 224 1335 1.
244 1278 274 1334 st
295 1291 358 1348 ergo
376 1275 497 1346 Pelagius
517 1271 712 1343 episcopalibus
735 1269 904 1340 Gestisque
924 1269 951 1323 in
1004 1265 1080 1323 Unde
1096 1268 1200 1326 etiamsi
1213 1271 1334 1344 Pelagius
1345 1274 1529 1350 Celestiusque
1541 1283 1655 1338 correcti
1665 1294 1737 1351 sunt,
1750 1289 1793 1345 rel

162 1371 272 1426 briento
283 1365 404 1423 condocta
415 1366 540 1421 dicuntur
552 1362 591 1434 (a)
601 1403 609 1429 ,
620 1363 700 1418 etiam
712 1369 764 1417 tuac
779 1359 951 1432 Veneratioai
1004 1375 1033 1415 sc
1044 1361 1093 1415 ista
1105 1378 1240 1435 nunquam
1252 1366 1369 1426 sensisse
1379 1368 1487 1439 dicuat,
1500 1380 1527 1429 et
1539 1362 1713 1447 quacumque
1725 1379 1792 1434 scri·

161 1461 232 1532 iuste
245 1458 318 1513 risus
332 1456 411 1513 luerit
426 1454 563 1510 absolutus
575 1469 583 1518 ;
596 1467 672 1508 error
686 1458 775 1506 bmeu
789 1451 845 1521 ipse
858 1457 886 1505 et
900 1450 950 1504 im·
1004 1460 1046 1520 pta
1064 1461 1157 1507 contra
1176 1469 1223 1510 eus
1238 1455 1338 1525 prolata
1358 1457 1456 1515 luerint
1474 1474 1522 1517 sua
1535 1477 1594 1520 esse
1616 1476 1723 1538 negarrt,
1743 1484 1796 1527 nac
1812 1521 1813 1526 ,

162 1553 256 1623 priene,
269 1565 331 1623 quae
343 1549 396 1620 jam
410 1546 508 1604 muns
520 1552 670 1603 assertores
676 1542 769 1611 babet,
784 1558 831 1613 per
844 1542 951 1598 diuersa
1003 1551 1044 1596 cst
1055 1543 1276 1615 quemadmodum
1289 1547 1322 1603 de
1335 1549 1473 1609 mendacio
1485 1553 1676 1612 convincantur
1692 1576 1698 1612 :
1714 1575 1802 1633 gene-¹
1826 1620 1828 1626 ,

161 1643 318 1714 dispersus,
339 1640 420 1696 etiam
440 1637 597 1695 auctoritate
613 1634 768 1706 apostatica
788 1633 865 1690 Sedis
887 1649 952 1689 aaa
1003 1632 1095 1688 ralitcr
1115 1643 1203 1692 tamen
1219 1640 1379 1709 quicumque
1391 1641 1552 1714 dogmatizat
1565 1655 1594 1702 et
1606 1648 1722 1705 allirmat
1743 1651 1794 1709 bu·

162 1733 303 1790 tbemauda
315 1741 367 1788 est.
381 1729 538 1788 inuaderet
550 1728 622 1786 euna
638 1727 770 1784 Ssucdtm
783 1735 844 1792 tua,
861 1736 889 1783 et
902 1742 950 1799 pa·
1003 1739 1108 1778 tisanam
1118 1725 1168 1780 sibi
1182 1726 1216 1781 ad
1231 1728 1335 1785 litanda
1352 1731 1360 1762 ¹
1375 1741 1499 1802 peccata,
1515 1743 1543 1790 et
1555 1735 1602 1791 bei
1617 1737 1741 1797 mandata
1753 1740 1806 1798 la-

162 1825 304 1882 storalibus
329 1824 407 1880 uobis
428 1822 605 1894 marpanatnr
625 1820 788 1886 uisceribus,
813 1819 952 1891 quamsit
1002 1813 1579 1890 1111111111111111111051111111111111,1110
1601 1827 1794 1899 1110110113ιί3
1825 1817 1847 1900 ἲ.

162 1915 315 1986 pesbierum
334 1923 361 1970 et
377 1913 485 1971 enttiate
502 1911 595 1969 oribus
613 1909 726 1976 Christi,
748 1910 819 1981 quod
839 1909 949 1976 istarum
1004 1905 1128 1977 [reiquae
1138 1917 1288 1964 sanctorum
1302 1910 1792 1990 euidentiusorationibusdeclaratur,

156 2005 302 2074 sacrilegas
321 2002 513 2072 disputationes
535 1999 685 2056 necessario
704 1998 898 2069 consequitur,
922 2008 951 2052 ut
1002 1996 1331 2067 adversariusinrenitur;
1347 2001 1547 2077 etquicunque
1568 2014 1646 2076 negat
1668 2007 1792 2078 parrulos

161 2109 211 2149 nec
219 2108 296 2149 orare
305 2092 450 2148 debeamus
459 2107 492 2146 ue
504 2092 634 2146 intremus
646 2088 672 2142 in
684 2089 867 2154 tentationem,
879 2087 949 2159 quod
1003 2105 1050 2158 per
1063 2089 1221 2162 baptismum
1229 2090 1348 2148 Christia
1358 2094 1506 2166 perditione
1518 2096 1670 2165 liberari,et
1679 2088 1792 2177 salutern

162 2188 289 2241 lturninus
307 2194 334 2241 ct
351 2183 496 2254 discipulos
514 2184 615 2237 monuit
638 2179 743 2252 (llattlr.
756 2195 832 2246 arur,
845 2179 910 2251 11),
923 2188 951 2235 et
1003 2185 1139 2255 percipere
1158 2188 1365 2257 sempiternam,
1390 2188 1531 2246 anatliema
1549 2189 1593 2244 sit.
1613 2188 1792 2265 Quacumque

162 2279 248 2348 posuit
265 2278 292 2333 in
313 2277 435 2333 oratione
448 2291 527 2346 quara
543 2275 632 2330 docuit
647 2273 701 2339 lta.
716 2290 760 2338 rr,
777 2275 838 2344 ts);
853 2282 899 2329 aut
917 2289 951 2329 rte
1001 2285 1089 2331 satutem
1103 2278 1154 2333 alia
1165 2279 1204 2333 eis
1216 2279 1388 2348 objiciuntur,
1404 2294 1456 2334 nou
1469 2279 1621 2337 dubitamus
1635 2277 1792 2340 terrendo·
1839 2337 1842 2344 ,

160 2370 266 2425 deliciet
284 2368 350 2424 lides
364 2375 470 2432 nostra,
487 2366 557 2437 qrrad
571 2381 618 2435 pru
632 2364 753 2435 apostolo
767 2364 846 2419 Petro
864 2378 895 2419 sa
908 2379 951 2418 ro·
1002 2382 1062 2420 ttcttt
1077 2376 1168 2434 tuam,
1184 2382 1244 2422 cum
1259 2368 1338 2438 Gesta
1360 2369 1520 2440 episcopalia
1535 2375 1715 2444 perspexerit,
1731 2390 1792 2446 quse

159 2476 237 2531 gasso
253 2462 310 2530 ipse
322 2465 487 2514 tastmuscst
506 2456 581 2527 (tau.
597 2471 671 2523 artu,
687 2454 744 2526 52).
758 2454 786 2510 Si
806 2454 877 2510 enim
893 2453 951 2509 trae
1002 2459 1028 2513 in
1040 2456 1149 2515 Oriente
1162 2461 1189 2514 in
1201 2460 1295 2516 eadem
1310 2476 1389 2516 causa
1402 2461 1522 2518 conlecta
1535 2463 1669 2531 dicuntur,
1683 2466 1710 2520 id
1719 2466 1792 2536 judi·

160 2551 333 2621 possibilitate
345 2558 457 2617 natura,
468 2559 495 2604 et
504 2547 615 2602 arbitria
625 2547 769 2601 rotunutis
781 2546 808 2600 in
819 2554 950 2616 potestate
1001 2558 1120 2604 caturam
1133 2549 1202 2607 unde
1216 2566 1309 2607 omnes
1319 2551 1346 2606 in
1362 2551 1408 2607 liei
1429 2552 1609 2609 misericordia
1619 2555 1789 2633 gaudeamus,

159 2653 221 2699 sunt
237 2643 399 2707 constituta;
419 2641 479 2711 qrris
491 2655 544 2695 aaut
559 2655 589 2694 ea
607 2638 722 2694 viduata
738 2637 851 2693 Domino
866 2636 951 2692 tnaat·
1001 2638 1052 2693 bra
1067 2654 1116 2710 pro
1129 2640 1215 2709 nobis,
1228 2640 1335 2697 domiue
1347 2640 1501 2697 beatissime
1511 2642 1582 2712 Papa
1593 2646 1614 2697 ¹.

158 2733 476 2897 {illabili
491 2729 950 2891 ,llsllzlilllillil
1213 2786 1378 2845 aaron
1398 2788 1526 2844 ossa
1545 2790 1614 2863 nu.

159 2918 259 2973 viribus
279 2914 456 2972 obtinentur?
479 2927 530 2966 noc
550 2910 675 2966 debuisse
697 2910 787 2965 diacre
809 2909 948 2964 bominum

157 3008 269 3073 lesum,
289 3004 399 3075 Vigilate
411 3011 434 3058 ct
450 3011 538 3067 crater
553 3001 599 3056 scd
621 2998 948 3070 tantummodo,l'igilate,

158 3115 190 3165 ne
197 3097 294 3152 intretis
306 3097 334 3152 in
348 3095 532 3150 tentationem?
547 3108 596 3148 nec
609 3092 763 3148 beatissimo
774 3091 853 3147 Petro
863 3091 950 3162 primo

158 3190 364 3261 Apostolorum,
378 3186 475 3257 liogaui
491 3201 536 3254 pro
550 3194 591 3250 te,
607 3183 667 3251 sed,
682 3198 780 3239 moneo
793 3192 829 3248 te,
843 3183 885 3238 rel
901 3183 950 3237 im-

159 3296 224 3351 pera
239 3294 271 3333 ac
283 3278 409 3348 praccipio
424 3291 457 3330 ne
471 3275 572 3344 deficat
584 3274 648 3343 fides
664 3274 726 3328 tna?

194 3371 221 3424 ὅ.
235 3368 429 3425 contradicitur
451 3365 532 3421 etiarn
550 3367 661 3420 istarum
678 3364 848 3419 contentione
866 3364 949 3419 berre·

158 3458 319 3514 dictionibus
333 3459 441 3521 nostris,
453 3463 482 3510 nt
494 3456 627 3510 incassum
638 3469 717 3524 snper
724 3454 851 3525 populum
861 3453 950 3510 dicere

158 3549 296 3604 videamur
305 3545 430 3617 quidquid
442 3546 503 3600 cisa
513 3544 625 3602 Domino
636 3558 784 3614 precaturur,
796 3552 824 3598 ut
838 3555 909 3600 recte
918 3560 950 3599 ae

158 3641 202 3711 pie
214 3639 327 3696 sinendo
348 3638 385 3693 illi
406 3637 545 3707 placeaut;
561 3636 602 3691 rel
618 3635 662 3690 illa
681 3651 740 3706 qua
763 3651 810 3704 pro
830 3635 950 3693 indolibus

159 3741 282 3803 precatur
295 3730 448 3800 Apostolus,
463 3728 574 3783 dicens:
589 3726 677 3782 Flecte
687 3743 769 3798 parua
779 3743 834 3781 mea
847 3726 882 3780 ad
895 3726 948 3783 Ρα-

159 3831 221 3877 trem
230 3822 332 3876 Dantirri
345 3821 424 3874 nostri
434 3819 496 3874 lesu
507 3818 608 3881 Clusini,
620 3836 651 3873 ea
662 3833 710 3889 pao
722 3818 803 3873 antitis
812 3821 950 3888 palestritae

158 3917 183 3970 t'a
194 3915 262 3970 coelt's
274 3923 296 3967 et
310 3914 336 3966 ia
347 3922 412 3966 terra
425 3910 578 3978 stontirsotarg
594 3920 620 3964 at
631 3909 672 3964 del
683 3909 752 3964 nobis
763 3910 900 3964 secandum
910 3910 950 3964 di·

158 4007 230 4059 uitias
243 4005 332 4076 glorie
343 4019 398 4057 saa
415 4004 505 4056 uirtute
520 4002 677 4057 corroborari
692 4020 737 4076 per
752 4003 877 4076 Spiritum
894 4004 950 4074 ejus

158 4098 239 4170 (Epir.
253 4111 291 4160 tn,
305 4094 413 4165 11-16).
425 4095 453 4151 Si
463 4109 526 4165 ergo
541 4096 701 4152 noluerimus
714 4096 895 4153 benedicendo
904 4112 950 4152 su·

158 4203 207 4259 per
219 4189 344 4259 populant
357 4188 456 4254 dicere,
469 4188 506 4242 ba
520 4188 588 4254 illis,
604 4190 726 4257 bomine,
744 4191 842 4247 virtute
855 4206 949 4246 corro-

157 4280 247 4335 borari
267 4278 456 4348 perspiritum
476 4289 566 4345 tuum;
579 4281 690 4335 istorum
709 4281 786 4337 nobis
805 4282 948 4352 disputatio

158 4367 324 4431 contradicit,
335 4368 471 4422 altirmans
483 4370 572 4439 negari
586 4369 698 4425 liberum
708 4372 856 4437 arbitrium,
865 4373 887 4428 si
898 4372 949 4430 boc

158 4459 241 4513 abeo
256 4459 374 4528 poscitur
387 4459 457 4529 quod
475 4459 500 4513 in
520 4469 609 4515 nostra
624 4469 665 4516 est
679 4471 808 4531 potestate
824 4481 831 4519 r
852 4462 950 4519 Virtute

157 4551 224 4606 eam
233 4548 389 4604 conaborari
401 4549 424 4615 si
435 4549 558 4616 volumus,
567 4549 697 4622 inquiunt,
708 4569 839 4622 possamus
849 4570 878 4609 aa
887 4571 948 4623 pos·

156 4641 278 4697 sibilitate
294 4646 401 4699 natum.
417 4656 493 4709 paam
507 4657 573 4694 artae
587 4658 637 4696 aon
657 4644 810 4716 accipimus,
828 4643 872 4702 sed
891 4663 948 4701 cara

155 4745 298 4785 creorstaar
307 4731 460 4798 uccepinms.

155 4851 157 4857 ·
192 4821 219 4876 6.
233 4819 359 4875 Paruulus
378 4821 458 4875 etiam
473 4829 580 4890 propter
593 4822 703 4878 salutem
722 4839 782 4896 quae
796 4841 844 4895 per
854 4825 948 4882 Salsa-

157 4922 240 4969 torcrn
252 4913 386 4968 Claristum
397 4911 484 4977 datur,
501 4912 673 4982 baptizandos
686 4925 834 4987 regennae
848 4918 887 4975 sic
900 4933 948 4974 eus

156 5003 292 5059 irrortilera
311 5003 361 5059 ista
380 5002 501 5059 doctrina
517 5004 542 5058 in
563 5013 691 5059 aeternum
710 5015 817 5073 necant,
832 5009 946 5077 promit·

156 5103 241 5150 tantm
253 5094 357 5151 etiamsi
368 5106 421 5150 nort
432 5094 608 5165 baptizentur,
625 5094 762 5152 babituros
774 5098 853 5153 vitam
869 5109 947 5156 aeter-

155 5201 227 5252 rreum,
243 5203 292 5242 uec
307 5188 440 5257 pertinere
458 5187 491 5242 ad
513 5203 559 5243 cos
580 5188 728 5259 dequibus
749 5191 876 5248 Doutitrus
897 5194 944 5263 ait,

163 5275 232 5330 Vertit
241 5279 308 5331 enirn
320 5277 404 5332 Filius
417 5279 528 5334 leontinis
539 5295 651 5344 quarere
664 5291 687 5335 el
698 5283 797 5356 salvare
808 5286 876 5354 qaod
888 5303 946 5359 per-

156 5367 219 5421 ierat
232 5365 306 5438 (bue.
316 5385 375 5437 arx,
391 5370 434 5443 lb)
445 5385 453 5435 ;
466 5371 527 5442 quala
537 5371 587 5436 isti,
602 5372 734 5444 inquiunt,
747 5391 797 5432 non
807 5379 944 5451 perierant,

188 5523 195 5552 ¹
210 5521 263 5570 bad.
277 5531 325 5570 am.
339 5529 375 5594 fr.
389 5522 511 5575 encoma.
521 5526 590 5597 111111,
602 5532 687 5579 walae.

187 5586 197 5615 ¹
210 5592 273 5631 unus
284 5596 298 5632 c
311 5591 375 5634 tatae
385 5590 450 5640 itas..
461 5599 507 5649 arto
517 5588 643 5650 msersores
652 5603 734 5642 sonas

186 5669 223 5726 (a)
239 5671 308 5714 Gesta
319 5662 486 5724 biosralitauaa
495 5668 587 5733 synodi.

1032 2922 1174 2978 dilicuitant‘
1185 2925 1287 2980 concilii
1301 2924 1392 2980 Patres
1403 2924 1561 2995 Innocentio,
1573 2929 1605 2983 dc
1618 2928 1763 2984 cohibendis

1250 3015 1397 3087 Pelagiara's
1412 3018 1545 3073 hereticis.

1001 3167 1114 3223 baninu
1123 3168 1277 3225 beatissimo
1290 3172 1437 3242 meritoque
1451 3171 1606 3237 venerabili,
1618 3183 1644 3226 et
1655 3173 1680 3226 in
1688 3170 1794 3229 Christo

1037 3258 1192 3316 lronoranda
1204 3261 1283 3331 Papae
1298 3261 1468 3328 lnnoernrto,
1481 3262 1614 3320 Sutrinos
1625 3261 1646 3330 ⁸,
1660 3263 1794 3319 Vtusnrt-

1036 3365 1095 3416 nus,
1110 3351 1255 3414 euasurus,
1275 3350 1411 3417 bortrus,
1432 3352 1618 3419 llssrtrurus,
1641 3352 1793 3420 Lucrinus,

1037 3440 1159 3505 Aturrus,
1173 3442 1350 3509 lluaosrtnos,
1365 3442 1532 3501 Pescennius
1543 3442 1565 3511 ⁸,
1578 3442 1710 3510 Serenus,
1726 3443 1796 3502 Fon-

1037 3544 1157 3583 runnrus
1166 3530 1187 3594 ⁸,
1200 3529 1346 3596 Possumus,
1356 3528 1492 3597 Nouanus,
1504 3531 1651 3599 strennuus,
1666 3533 1794 3588 lltuaan·

1037 3633 1114 3685 rrus,
1141 3618 1214 3686 Leo,
1235 3618 1445 3688 Flamininus,
1467 3622 1647 3690 Cresconius,
1674 3624 1794 3692 blancus,

1037 3707 1210 3781 lnrrumus',
1236 3708 1428 3778 Foarunnrus,
1445 3712 1584 3779 bonasus,
1607 3713 1794 3783 Ponrrctnus‘,

1036 3801 1209 3866 snrrrunrnus,
1219 3801 1423 3868 aaursronast,
1433 3802 1576 3871 llonomas,
1588 3805 1794 3878 Luctuslntro·

1038 3907 1133 3960 utras,
1147 3892 1315 3960 Processus,
1326 3891 1506 3963 Cnssauutus,
1521 3894 1676 3964 Sscunous,
1691 3897 1794 3970 narn,
1811 3904 1812 3911 ’

1037 3985 1194 4052 Asusamus,
1208 3983 1370 4041 Rurrnnnus
1380 3987 1402 4054 ⁸,
1421 3985 1568 4044 Frusrtnus
1581 4030 1588 4054 ‚
1602 3986 1707 4047 Scarus
1719 4033 1726 4059 ,
1739 3989 1794 4049 'ls-

1036 4089 1159 4141 nrurtos‚
1174 4074 1349 4143 Cresconius,
1365 4075 1542 4147 Srsntnrtos,
1556 4078 1727 4148 Qotansrus,
1739 4065 1793 4139 [ιῖ-

1037 4179 1140 4232 crunus,
1153 4163 1275 4231 Statuas,
1292 4164 1441 4222 Fausrtaus
1452 4169 1475 4236 ¹,
1490 4168 1665 4236 Consecutus,
1681 4160 1792 4241 l'tcron',

1038 4256 1202 4315 Gianturrus
1214 4256 1246 4326 ¹¹,
1258 4257 1442 4328 Possraomus,
1455 4260 1608 4318 duronraus
1618 4262 1651 4331 ¹¹,
1663 4258 1793 4319 lnnocrn·

1032 4453 1042 4485 ¹
1054 4451 1120 4512 add,
1131 4450 1164 4500 od
1175 4448 1299 4501 cinnoma
1311 4458 1378 4514 llas,
1388 4449 1422 4503 od
1432 4451 1538 4505 morsa.

1032 4515 1043 4546 ¹
1054 4518 1109 4562 ttss.
1120 4511 1232 4562 6311131111
1242 4519 1327 4585 esrom
1337 4512 1376 4563 lais
1385 4518 1516 4586 [3311311113
1526 4517 1617 4580 serbis,
1628 4529 1681 4581 ora,
1695 4526 1743 4571 etc.

1032 4575 1043 4608 ⁸
1054 4573 1211 4624 canaliomm
1222 4573 1358 4636 editiones,
1370 4575 1477 4628 sebosus
1487 4586 1574 4629 serres.

1031 4636 1043 4668 1
1054 4642 1137 4695 namt,
1150 4633 1294 4697 smenon,
1306 4638 1332 4686 iu
1342 4642 1396 4688 ttss.
1407 4645 1461 4688 octa
1472 4638 1604 4691 cdbsanis.

1031 4698 1107 4746 ⁸ttss.
1119 4703 1188 4746 cerr.
1201 4703 1229 4746 ct
1243 4703 1346 4758 oemm,
1359 4705 1502 4753 fortanus„

1016 4758 1042 4844 „⁶
1053 4759 1232 4828 insaniaque,
1242 4755 1500 4821 uiuamcasdeusn,
1506 4759 1792 4828 dramnooncutnt..

1004 4826 1152 4951 nicffls'e,
1163 4887 1223 4952 tem,
1235 4887 1262 4931 et
1270 4880 1358 4932 mucii.
1371 4882 1440 4932 mitt.
1448 4883 1493 4942 ste,
1501 4883 1649 4935 cresconius.
1658 4883 1792 4939 caracara

999 4941 1089 5002 codex,
1099 4950 1244 4994 canonas.

1017 5004 1041 5076 '⁸
1053 5010 1077 5053 tn
1087 5009 1157 5054 coac.
1169 5003 1350 5070 tdd.,nup¹inas,·
1362 5009 1389 5054 et
1399 5001 1460 5054 inira
1470 5018 1514 5068 pro
1523 5015 1603 5068 serua,
1614 5006 1793 5070 scribitur,ser·

999 5077 1078 5200 mis-ta
1088 5125 1175 5196 sancii
1186 5126 1254 5181 aad..
1265 5126 1305 5177 bic
1325 5127 1442 5177 omittitur
1453 5126 1596 5191 faristinam
1616 5129 1720 5195 ejwpre
1739 5131 1792 5184 looa

999 5189 1391 5320 podlgtgrs’sfdeamticwtrhgsuttoalbc.
1401 5258 1508 5313 septem,
1519 5262 1615 5303 uecaoa
1623 5252 1711 5303 concil.
1723 5255 1790 5321 1111,

998 5311 1274 5445 eiqfflduovatic,
1288 5371 1416 5432 rossillru,
1436 5373 1556 5447 antonias.

991 5464 994 5470 »
1030 5435 1180 5496 'tseaagurta
1200 5433 1620 5500 ada.bg.bl.ecb.tl.g.ga.n.
1637 5438 1789 5491 3313111.

1000 5509 1036 5546 rc.
1047 5494 1109 5546 duos
1119 5508 1140 5544 r.
1153 5501 1256 5558 mutuor
1267 5510 1291 5546 r.
1309 5496 1374 5546 etad
1390 5506 1439 5545 arn.
1452 5498 1507 5546 ttad.
1520 5505 1557 5548 Er.
1570 5505 1625 5552 tur.

999 5620 1070 5744 mm
1082 5617 1383 5744 rArlrffsnffiortaqffirmm
1406 5621 1524 5688 libeat,
1546 5623 1675 5677 anneta.
1698 5627 1791 5692 scalpta
