3906 6390
98 318 171 375 libi·

97 438 158 488 loeti
172 431 299 497 latrones,
313 439 450 487 cernentes
463 431 488 483 in
503 443 612 481 uacuum
626 443 656 481 se
670 427 788 492 redisse,
803 436 875 499 terga

98 510 249 568 uerterunt,
262 511 289 557 et
303 500 427 555 i'clocitcr
438 498 472 551 ad
486 512 562 552 suuni
575 496 636 566 quid
650 496 676 551 hl
694 496 821 553 teetssent
832 511 879 552 es-

98 580 261 639 sptetantcttt
272 569 415 641 principem
429 568 600 622 dereiier'unt.
615 562 734 636 literepat
746 581 793 622 eos
806 566 879 635 prin·

97 656 171 707 eeps.
189 637 251 708 quid
265 638 362 693 tamdiu
373 636 546 719 peregissent.
561 634 613 690 Sed
632 648 691 689 eum
706 650 762 691 rem
778 645 879 703 gestam

98 708 232 771 audisset,
246 722 292 762 eos
302 707 457 776 insipientes
470 713 497 760 et
510 703 593 758 latuos
605 702 768 771 existimans,
779 702 881 759 duode-

97 777 150 832 eim
163 777 222 831 aliis
234 774 379 831 latronibus
393 773 553 839 enitescetis,
569 786 629 827 curn
648 773 748 829 eisdem
769 774 881 842 ipsemet

98 860 191 901 rersus
210 845 331 899 homiues
346 851 511 907 transeuntes
529 848 600 896 meat
620 856 735 906 ciirsuqr.
758 843 779 895 Α
803 841 880 922 lunge

97 916 164 968 duos
177 923 299 980 cernunt,
320 914 366 968 sed
378 911 531 981 propinenti,
549 910 585 964 uti
601 911 677 979 primi
690 912 809 966 viderant
819 949 828 977 ,
840 924 881 965 stc

97 993 124 1038 et
139 984 191 1038 isti.
206 983 366 1038 Eorundem
386 982 504 1050 protinus
523 989 638 1033 treittunt
658 978 751 1047 bases,
768 977 881 1045 trepidat

98 1069 155 1118 cor,
172 1052 237 1106 lluttt
248 1053 318 1107 seint
329 1062 449 1106 amentes
466 1049 537 1102 omni
556 1048 643 1116 rigore
657 1049 736 1103 auiitti
751 1046 878 1102 destituti.

98 1121 215 1176 'lotidem
235 1122 260 1177 in
275 1136 304 1175 se
316 1121 466 1183 redeuntes,
482 1133 528 1172 eos
540 1118 651 1172 hiteiiter
662 1126 817 1199 sequnntur,
833 1131 881 1171 cit-

98 1192 201 1258 pientes
224 1190 286 1257 quid
311 1189 436 1257 deinceps
458 1187 575 1248 accidat,
600 1185 881 1256 educere-trepidant

98 1275 161 1314 rcro
176 1258 253 1329 hujus
265 1260 347 1315 ticscii
362 1267 535 1319 trattsenntes,
551 1255 599 1310 hos
613 1253 733 1310 ridentes
747 1255 878 1320 homines,

96 1338 122 1385 et
137 1329 205 1383 iitter
217 1343 248 1383 se
267 1328 312 1400 qui
331 1327 357 1383 hi
378 1326 432 1382 sint
449 1324 525 1380 arido
547 1332 745 1395 permittantur.
763 1322 836 1381 britii
847 1339 881 1379 ue

96 1398 150 1467 jain
164 1412 259 1452 occasu
271 1396 333 1452 solis
347 1394 470 1450 inclinata
483 1393 536 1460 die,
551 1407 611 1447 eum
625 1393 688 1463 qnid
703 1394 729 1446 in
745 1402 824 1448 nocte
848 1408 879 1446 a·

97 1466 169 1521 ciant
183 1466 321 1533 nesciunt,
335 1465 394 1521 illos
407 1463 546 1524 duodecim
560 1462 676 1518 latrones
690 1462 804 1519 riatoies
821 1460 879 1525 ett-

98 1532 287 1599 stimaiites,ad
297 1533 404 1589 eosdem
414 1529 602 1588 consulendum
611 1530 877 1586 statoiintdeeliuare.

100 1607 133 1663 tt
146 1604 190 1659 ubi
203 1604 235 1658 ad
251 1605 367 1658 latrones
382 1601 502 1659 tetiioirdi
515 1600 567 1656 iter
581 1607 701 1668 earpunt,
718 1600 826 1655 eosdem
841 1600 880 1653 la·

99 1684 190 1727 teones
208 1672 294 1730 solutn
315 1671 381 1727 dnos
404 1678 526 1727 cernunt.
548 1669 607 1737 Quo
629 1670 745 1739 rigorem
766 1670 880 1723 latrones

97 1741 196 1810 adepti,
212 1742 407 1796 transeuntibus
428 1749 453 1794 et
467 1739 514 1809 ipsi
531 1738 649 1809 protinus
668 1738 816 1793 obtinerent.
829 1736 880 1819 Qui

97 1826 191 1865 omnes
210 1810 323 1866 hiricem
340 1809 425 1879 juncti
447 1824 477 1864 se
497 1808 574 1862 simul
593 1808 748 1861 salutarunt.
772 1805 879 1862 interim

98 1880 261 1947 interrogant
274 1880 404 1946 latrones,
417 1878 462 1946 qni
480 1877 544 1943 sint,
565 1877 634 1931 itnde
654 1876 770 1939 rciiiant,
789 1884 815 1930 et
828 1890 881 1959 quu

100 1948 230 2017 pergant?
253 1948 287 2003 ai
310 1947 347 2003 illi
371 1946 494 2016 introituri
515 1944 633 1999 :Sumus
657 1944 688 1999 dr
708 1944 878 2007 limandus:

98 2016 157 2068 inde
166 2017 289 2070 uiuimus
299 2015 441 2070 bethlehem
452 2016 568 2082 petimus,
578 2023 606 2067 ut
615 2013 719 2084 gloriosi
733 2011 837 2068 liicrom
846 2014 881 2069 mi

98 2085 216 2154 reliquias
230 2085 366 2140 visitentur.
382 2084 422 2139 Ad
438 2083 495 2138 baec
509 2083 637 2136 latronum
653 2083 774 2152 princeps
790 2100 796 2135 :
814 2031 879 2149 ὧι,

100 2155 194 2223 inquit,
209 2157 311 2227 {noant
323 2155 369 2208 uiri
382 2155 425 2223 qui
434 2153 561 2220 iturosque
571 2151 695 2221 nobiscnm
709 2152 880 2209 tnutuiitinodo

98 2223 249 2278 ueniebant?
260 2222 386 2278 liirantui
397 2222 445 2275 itus
458 2221 519 2275 talia
533 2220 580 2275 iuri
596 2222 716 2284 viatores.
731 2231 798 2275 etse
810 2230 881 2293 post·

99 2307 177 2365 quam
194 2307 286 2348 nemos
300 2294 474 2357 intrauerunt,
495 2291 626 2345 neminem
641 2288 692 2344 nisi
706 2289 777 2359 ipsos
788 2299 815 2345 et
827 2298 881 2346 tres

100 2363 167 2419 alios
180 2362 276 2419 vidisse
291 2361 331 2421 rel
346 2361 454 2417 audisso
465 2358 568 2415 dicunt.
583 2359 647 2441 Quae
667 2366 741 2432 gesta
755 2356 879 2427 lucrant,

100 2440 162 2485 tutte
184 2430 315 2487 latronum
335 2440 424 2486 narrat
437 2429 577 2499 princeps,
593 2429 651 2483 illos
667 2428 828 2493 obsecrans,
852 2437 881 2485 ut

100 2499 151 2568 ipsi
164 2501 198 2554 ub
210 2515 288 2571 quam
308 2516 413 2554 causam
429 2500 479 2552 hoc
493 2497 632 2560 acciderit,
651 2498 672 2551 si
692 2508 817 2563 noscunt,
833 2514 880 2553 tc·

100 2569 148 2622 lint
161 2568 286 2623 indicare.
302 2568 400 2690 quihus
413 2569 465 2630 illi,
482 2582 536 2621 nou
550 2565 584 2620 ob
599 2567 676 2621 aliam
697 2580 814 2634 causam,
830 2567 880 2624 nisi

99 2638 160 2707 quia
178 2637 285 2706 gloriosi
318 2636 458 2719 hieronymi
472 2637 598 2690 custodie
616 2650 646 2689 so
664 2634 811 2700 dederunt,
830 2635 880 2692 hoc

99 2707 221 2762 etettissc
235 2722 263 2759 se
275 2716 366 2777 pitture
380 2706 479 2761 dicunt.
501 2705 541 2760 Ad
563 2704 613 2759 hoc
631 2704 764 2769 latrones,
782 2705 879 2774 Spiritu

100 2787 205 2837 strieto,
221 2777 265 2845 qui
279 2777 321 2830 uhi
336 2778 391 2830 rult
411 2775 511 2843 spirat,
525 2775 613 2828 subito
629 2773 789 2842 inspirante,
807 2775 878 2830 otiini

99 2859 178 2915 quam
191 2846 265 2915 prius
284 2844 415 2900 habehant
434 2844 569 2898 herocitate
583 2843 721 2912 deposita,
740 2841 766 2896 in
783 2854 879 2899 terrain

99 2928 191 2967 corum
206 2912 315 2983 pedibus
330 2912 475 2983 provoluti.
489 2926 537 2982 pru
550 2911 704 2981 excogitatis
716 2910 820 2979 aagtttts
833 2927 878 2968 ie-

99 2982 169 3036 nium
183 2983 355 3052 petulantes,
369 2981 428 3036 illos
437 2979 470 3036 ad
482 2980 596 3035 latrones
609 2981 676 3034 alios
690 2980 878 3049 perduxerunt.

98 3050 150 3107 Sed
164 3051 234 3122 quod
247 3051 352 3118 dicam,
376 3067 428 3105 non
449 3050 535 3104 minus
550 3056 620 3119 patei
637 3047 671 3104 ad
689 3048 877 3105 contuendum.

99 3120 168 3174 liora
189 3119 272 3192 prima
296 3120 380 3177 noctis
401 3118 434 3173 ad
456 3118 574 3173 tatrones
596 3131 644 3173 ess
694 3124 779 3173 lantes
799 3117 879 3176 dere·

99 3190 175 3245 itiuut
189 3208 196 3245 :
212 3197 272 3260 post
292 3189 342 3245 hoc
363 3187 425 3259 quid
444 3185 576 3241 acciderat
597 3185 750 3250 decorent.
769 3187 878 3243 eusdem

98 3257 251 3326 suppliciter
261 3266 415 3321 exorantes,
430 3266 457 3310 ut
468 3255 573 3327 flagitiis
585 3254 670 3310 solitis
681 3255 735 3325 jam
748 3257 876 3325 expulsis.

97 3326 130 3380 sd
144 3325 287 3397 gloriosum
307 3324 464 3380 visitandum
482 3324 596 3391 cadaver
613 3322 767 3405 Hieronymi
788 3338 878 3380 secum

98 3397 175 3449 irent.
196 3393 238 3448 tit
250 3394 291 3451 liis
304 3394 391 3449 rsibts
409 3397 512 3448 orieris
529 3392 674 3447 latronibus
693 3393 799 3447 lirisio:
817 3408 879 3462 pro·

98 3464 205 3518 mittunt
218 3462 347 3532 siquidem
360 3478 408 3517 suo
422 3461 542 3531 principi,
554 3469 582 3515 et
592 3460 712 3519 illisaliis
725 3477 816 3517 necent
827 3462 877 3517 du-

98 3534 241 3598 rissimam,
257 3532 279 3587 si
292 3530 405 3586 audeant
419 3531 531 3599 stirpitus
543 3531 593 3584 ista
609 3529 666 3584 lari.
682 3529 739 3585 Noti
752 3532 880 3587 cussani.-

98 3602 147 3657 bus
162 3611 250 3657 autem
273 3600 325 3655 illis
338 3600 426 3681 priora
448 3601 543 3655 iturum
557 3598 628 3669 loqui
641 3597 731 3663 rerba,
747 3599 878 3657 latronum

97 3670 281 3742 quamplurimi
292 3684 365 3725 mnis
376 3668 449 3725 rabie
460 3665 602 3735 furibundi,
615 3682 678 3723 mox
690 3667 717 3722 ln
729 3682 777 3724 eos
789 3668 879 3725 insur-

97 3749 162 3810 gunt
178 3738 286 3796 ensibus
304 3736 455 3794 denudatis.
470 3736 500 3792 Ei
513 3742 656 3810 potuerunt
667 3736 773 3807 quidem
787 3736 879 3794 rhom-

97 3808 188 3879 pbires
207 3809 329 3873 eierare,
352 3807 419 3862 sedi
440 3807 475 3862 sis
489 3805 597 3876 gloriosi
611 3804 709 3861 ilieton
729 3807 764 3862 mi
783 3807 878 3863 auxilia

98 3878 300 3946 postulantibus,
315 3891 394 3932 enses
425 3890 540 3946 oportere
553 3874 679 3947 quamdiu
694 3820 742 3945 nh,
776 3877 800 3929 ui
823 3874 879 3943 lite·

98 3956 159 4015 rant
170 3946 317 4011 occidendi,
333 3962 347 3998 a
363 3946 521 4019 hieronymo
536 3943 718 4015 postularunt,
732 3892 880 4009 inhiantius

98 4017 247 4071 resisterunt.
270 4015 292 4070 0
315 4014 453 4069 ittelliibilis
473 4013 613 4077 clctiietitia
631 4014 794 4081 Salinatoris,
814 4026 880 4085 quot

98 4085 184 4141 niudis
196 4099 262 4155 qnos
276 4084 330 4139 rult
343 4084 405 4137 lacit
419 4082 453 4138 ad
471 4083 631 4152 agnitiottent
649 4082 690 4140 sui
704 4083 819 4139 nontinis
830 4084 878 4143 de·

100 4157 204 4210 reiiirel
220 4155 336 4225 Repente
348 4153 403 4208 huc
415 4160 468 4206 tam
482 4152 584 4208 insueta
595 4153 681 4206 omnis
692 4151 734 4206 illa
748 4150 879 4209 latronum

97 4224 191 4280 ridens
204 4223 307 4289 curteio,
323 4222 383 4289 altis
398 4222 451 4277 beo
464 4229 490 4275 et
504 4221 619 4291 glorioso
633 4220 792 4292 hieronymo
805 4223 879 4277 roci·

97 4293 148 4347 bus
159 4293 262 4346 debibis
281 4300 360 4361 agunt
379 4288 486 4357 laudes,
503 4290 622 4358 ejusdem
634 4303 664 4345 se
677 4298 801 4345 rotctttcs
815 4289 878 4345 reli·

117 4360 174 4413 uias
193 4360 310 4414 visitare.
336 4357 415 4412 Facto
436 4357 514 4427 igitur
535 4372 623 4426 mane,
647 4356 736 4426 plures
756 4358 879 4417 iuuentis

98 4376 249 4482 huminibus
262 4427 304 4507 qui
318 4434 381 4480 tunc
402 4425 528 4506 temporis
549 4425 583 4480 ibi
603 4432 679 4480 erant
702 4425 763 4480 talla
782 4440 877 4496 perpo-

100 4504 200 4551 trantes
220 4494 334 4565 hiigitia,
358 4508 419 4551 cum
442 4494 541 4549 eisdem
565 4493 750 4548 Alexandrinis
776 4510 809 4549 ex
833 4496 879 4551 illo

98 4572 226 4620 exeuntes
238 4578 356 4629 nctttore,
370 4563 402 4618 ad
414 4562 521 4633 gloriosi
532 4563 628 4618 liierott
648 4563 683 4617 mi
692 4562 819 4617 tumulum
829 4562 879 4620 dc·

100 4641 242 4700 uenerunt,
264 4632 366 4688 cunetis
384 4641 438 4687 tam
457 4630 558 4686 insueta
576 4647 609 4704 pr
645 4632 695 4713 igia
714 4640 877 4688 enarrantes.

99 4702 267 4775 baptizantur
284 4701 371 4775 ltaque
390 4700 503 4773 gentiles
521 4699 711 4763 Alexandrini.
731 4709 758 4754 ct
776 4702 879 4765 cunctis

99 4772 190 4827 mimdi
202 4770 360 4827 sanitatibus
373 4769 534 4827 conculcatis
545 4809 553 4834 ,
566 4769 715 4840 religiosam
726 4768 752 4823 in
765 4768 879 4850 quodam

99 4841 220 4900 ctuiiobio
235 4841 314 4895 ritam
334 4838 443 4893 ducunt.
466 4839 592 4893 Latrones
605 4849 691 4892 autem
705 4837 742 4893 illi
756 4837 879 4895 similiter

99 4913 131 4966 ad
145 4912 228 4967 lucem
243 4908 368 4973 ueritatis,
383 4917 532 4978 sanctaque
544 4915 572 4962 et
580 4905 715 4961 laudabilis
724 4907 783 4961 rite
791 4905 879 4969 divitia

99 4980 183 5052 gratia
196 4987 223 5035 et
258 4978 347 5034 loriosi
362 4976 514 5047 Hieronymi
532 4976 633 5030 meritis
645 4983 829 5044 perverterunt.

134 4994 256 5105 (insiliitg
267 5046 320 5104 t'tt.
334 5075 368 5086 -
380 5046 452 5102 Sicut
474 5044 769 5114 Cottstautinopolitanis
786 5044 879 5102 litteris

99 5118 149 5183 hac
158 5118 191 5174 de
201 5135 231 5173 rc
241 5116 305 5173 milii
318 5116 467 5199 specialiter
476 5115 582 5179 directis
595 5121 726 5169 transacto
739 5129 790 5167 iton
801 5115 844 5167 lon
863 5131 879 5169 o

100 5186 201 5241 diemm
226 5186 311 5256 spatio
330 5185 462 5250 intellexi,
482 5183 567 5239 simile
581 5197 649 5254 pene
663 5182 816 5237 miraculum
830 5183 846 5238 il
859 5184 877 5250 i,

100 5256 170 5324 quud
184 5271 215 5309 su
277 5255 345 5311 latus
357 5270 426 5319 sum,
438 5253 541 5308 duobus
555 5252 649 5308 accidit
660 5251 787 5307 Romanis
800 5250 880 5322 lure-

101 5324 200 5378 itibitsa
231 5338 322 5378 untana
338 5324 402 5379 urbe
415 5322 568 5378 Bethlehem
582 5320 746 5377 venientibus
759 5335 809 5392 pro
820 5320 878 5391 ghi-

101 5393 164 5446 riosi
184 5392 334 5466 hieronymi
359 5390 491 5449 visitando
514 5404 635 5473 corpore.
660 5389 737 5457 Quod
762 5390 880 5447 tractabo

101 5462 176 5525 sicuti
199 5460 304 5517 brerius
326 5471 428 5543 potero.
454 5461 542 5517 Comi
561 5470 613 5515 itur
634 5459 688 5515 duo
709 5458 747 5515 llll
768 5460 880 5529 juvenes

100 5530 204 5586 cuidam
230 5541 467 5652 appropinquarent
479 5474 599 5613 partho,
620 5542 636 5582 a
654 5528 880 5601 mnsmnhnupoli

100 5598 299 5669 per‘dtiodccmt
322 5614 369 5654 erc
381 5601 484 5655 distanti
500 5600 680 5653 milliariorum
694 5598 819 5669 spatium,
830 5612 878 5654 ait·

102 5678 207 5740 tequam
234 5666 363 5761 predium
388 5684 403 5731 a
424 5668 526 5735 duobus
549 5668 705 5738 utilitatibus
728 5668 877 5738 neonem,

810 316 995 372 transuta.

1651 330 1723 385 tiss.

933 427 1025 483 eadent
1039 426 1094 483 lore
1106 429 1147 483 ria
1158 445 1207 500 quo
1220 431 1378 498 nutriebant,
1394 431 1459 489 duos
1472 436 1620 507 contigerat
1630 438 1717 495 bouii·

932 512 980 552 nes
993 496 1118 552 interimi.
1133 496 1249 564 Quorum
1264 501 1357 557 ittortis
1372 518 1478 558 runiore
1490 506 1516 560 iti
1532 505 1660 576 predicti
1671 524 1716 565 re·

931 573 1043 621 sonante
1057 566 1166 637 predio,
1184 568 1233 622 lori
1246 569 1364 640 eiusdem
1378 572 1427 626 riri
1442 571 1548 632 insimul
1561 579 1715 647 congregati

931 634 1135 706 circumquaque
1144 636 1203 705 quis
1211 636 1306 692 horum
1318 637 1395 695 luerit
1405 640 1566 709 interlector,
1576 654 1718 714 eoepernnt

931 703 1065 772 inquirere
1091 704 1270 760 veliementer.
1291 706 1410 777 Cumque
1424 710 1561 781 diligenter·
1577 717 1715 784 perquire·

931 781 999 833 runt.
1010 773 1212 828 adesseccrtum
1224 776 1365 841 nerninem,
1381 779 1430 832 nisi
1444 780 1583 849 praedictos
1591 784 1716 852 juvenes,

930 841 974 910 qui
982 841 1038 909 jam
1049 857 1130 910 prope
1142 856 1279 909 reiterant,
1291 847 1462 909 reperientes.
1473 850 1580 906 eosdem
1595 854 1718 920 protitmt

931 918 1085 972 terruerunt,
1101 913 1135 964 ab
1154 912 1253 967 eisdem
1267 915 1406 971 eredentes
1426 915 1482 973 lure
1497 920 1618 977 hortiities
1632 923 1717 976 itiner·

931 978 1022 1032 leetos.
1039 980 1165 1035 Mirantur
1179 981 1266 1050 itaque
1281 984 1357 1065 hujus
1379 987 1461 1053 ignari
1482 988 1610 1057 jureiics,
1624 1004 1648 1046 ct
1670 992 1718 1051 bit-

931 1063 988 1102 riim
1011 1062 1040 1104 se
1062 1049 1097 1103 iiii
1112 1051 1179 1104 scire
1194 1053 1255 1107 totis
1269 1053 1370 1106 nisibus
1383 1058 1604 1125 protestabantur.
1620 1062 1654 1115 ht
1678 1061 1715 1115 illi

930 1131 1022 1171 eorum
1060 1134 1091 1172 ro
1106 1118 1187 1172 tiihilo
1200 1129 1383 1191 computantis
1397 1124 1490 1192 rerba,
1504 1137 1595 1195 captus
1607 1131 1716 1185 cosdem

932 1185 965 1240 ad
978 1133 1103 1255 perham
1116 1197 1244 1243 currantur
1257 1191 1354 1246 ducere
1367 1193 1531 1248 testitiaiitor.
1549 1196 1611 1250 l‘ost
1623 1198 1672 1251 huc
1683 1200 1717 1254 du

931 1256 1040 1324 predio,
1055 1255 1124 1325 qnod
1136 1256 1169 1311 ad
1182 1258 1288 1312 eosdem
1306 1262 1375 1314 tirus
1385 1262 1485 1328 institia
1499 1279 1551 1319 non
1567 1260 1713 1335 spectabat,

930 1339 991 1379 cum
1010 1325 1222 1381 accusationibus
1239 1328 1272 1382 ttd
1293 1328 1613 1398 Ctitistatttinopolilaomn
1629 1335 1715 1391 tinini-

930 1406 994 1448 num
1014 1394 1082 1463 eapti
1105 1395 1216 1462 juvenes
1236 1396 1410 1455 destinantur.
1434 1401 1463 1454 Et
1481 1418 1514 1453 no
1528 1403 1606 1458 nitriis
1622 1405 1716 1475 longiis

931 1461 991 1541 ilarii
1006 1463 1110 1523 rostris:
1126 1464 1196 1533 ipsud
1211 1480 1262 1518 tion
1275 1464 1405 1529 humant,
1423 1480 1613 1526 turitrcntormit
1628 1475 1716 1543 rigore

927 1531 1131 1601 Jiirenibosjant
1142 1535 1279 1601 coiilcssis,
1294 1534 1415 1604 adjicitur
1429 1554 1502 1593 ittoie
1512 1541 1591 1595 solit-i
1605 1558 1716 1597 seiiicu-

930 1599 967 1653 tia
987 1599 1143 1656 decollandi.
1159 1602 1231 1658 ileu!
1245 1604 1322 1672 quale
1334 1621 1381 1660 cor
1394 1606 1526 1663 andicmlo
1539 1619 1577 1664 tot
1599 1614 1715 1666 lumenta

930 1669 1127 1749 innocentium,
1151 1686 1220 1741 quos
1242 1683 1270 1727 ct
1292 1672 1437 1743 jureiitntis
1460 1686 1487 1732 et
1510 1679 1716 1745 pulelnittidiuis

930 1751 1043 1792 mastma
1057 1748 1182 1797 retiustas
1204 1748 1232 1799 et
1256 1750 1328 1797 ortus
1341 1744 1520 1801 nobilissimus
1539 1748 1715 1813 decorabant,

930 1817 1020 1876 posset
1035 1820 1091 1887 sea
1106 1807 1228 1879 inquis
1242 1813 1400 1868 continere?
1414 1813 1520 1869 Flentes
1539 1819 1626 1887 itaque
1636 1820 1717 1890 jirrc·

931 1891 988 1936 nis,
1003 1877 1125 1945 grauibus
1138 1878 1261 1950 lacryttils
1275 1881 1384 1948 pallidas
1395 1881 1476 1938 hicies
1488 1885 1638 1956 irrigantes,
1656 1889 1716 1942 uhi·

931 1945 1009 2011 latus,
1024 1946 1188 2017 gemitusque
1198 1955 1225 2003 et
1238 1952 1350 2018 suspiria
1364 1967 1484 2020 promere
1496 1970 1549 2009 non
1562 1967 1715 2013 cessantes:

932 2012 1054 2079 Glanate,
1065 2014 1197 2081 dicebaut,
1211 2016 1371 2090 hieronyme,
1385 2022 1433 2075 hoc
1443 2022 1525 2078 toleue
1535 2033 1570 2080 ert
1584 2024 1715 2096 proeiitlunt

933 2083 1198 2166 quodnoiteqiieutiliur
1208 2087 1249 2140 tilii
1264 2092 1430 2159 proesterlest
1447 2092 1496 2146 tole
1506 2095 1573 2165 qitott
1587 2094 1714 2149 laboretui

931 2167 1065 2206 riteruimtis
1085 2155 1204 2210 itiiteritl
1223 2155 1282 2211 lieu
1296 2157 1411 2213 lloitiuno
1432 2161 1490 2216 tirtr
1512 2164 1591 2217 riustri
1614 2166 1716 2218 coriario

931 2230 1010 2284 ortui,
1026 2237 1075 2276 uoti
1088 2223 1125 2277 ric
1138 2233 1162 2277 te
1172 2225 1333 2282 credebamus
1355 2229 1463 2284 ricarium
1483 2242 1575 2287 nostrie
1591 2234 1661 2303 puisi
1676 2234 1715 2295 tit

932 2290 1019 2371 locum
1031 2290 1118 2361 itaque
1131 2294 1196 2348 tanti
1209 2296 1340 2365 supplicii,
1355 2298 1453 2354 ibidem
1465 2302 1581 2369 genitum
1596 2303 1716 2358 multitit-

931 2357 994 2414 dme
1007 2361 1118 2441 maxima
1133 2374 1320 2432 exspectante.
1337 2366 1434 2422 innoxii
1446 2369 1558 2436 jnrenes
1569 2370 1712 2431 ducuntur.

932 2427 954 2482 0
977 2428 1116 2486 ittellabrlts
1129 2432 1309 2489 misericordia
1325 2434 1369 2492 Dei
1388 2437 1481 2505 nostri,
1497 2454 1547 2507 qun
1560 2443 1657 2496 ruitum
1671 2458 1714 2495 ro-

931 2496 1029 2553 dutidat
1041 2508 1067 2553 et
1082 2508 1161 2564 terra,
1176 2504 1319 2558 occultius
1342 2505 1374 2559 od
1396 2520 1426 2560 se
1437 2510 1567 2563 currentis
1580 2512 1714 2567 oblivisci-

932 2567 1134 2649 tttr'nriscreril
1161 2567 1249 2630 Fit-ris
1264 2573 1290 2629 iir
1303 2574 1379 2639 loeo,
1404 2590 1456 2646 quo
1477 2577 1610 2654 plectendi
1628 2593 1714 2649 eraut,

930 2636 1051 2702 genibus,
1066 2653 1092 2691 in
1105 2637 1201 2693 coelttm
1215 2642 1318 2713 utrique
1328 2644 1440 2711 juvenes
1453 2646 1574 2704 niunihus
1588 2650 1715 2706 eleuatis:

931 2702 1054 2785 Glorioso,
1065 2721 1158 2789 magua
1171 2724 1235 2764 roco
1247 2711 1376 2780 triqutum,
1391 2712 1552 2786 hieronyme,
1565 2728 1657 2772 uostroe
1668 2736 1713 2773 so·-

930 2774 989 2828 ltitis
999 2784 1022 2828 et
1033 2775 1123 2856 ausilii
1133 2786 1229 2844 pontiti.
1242 2788 1381 2851 nostroque
1391 2784 1445 2854 spei
1456 2786 1567 2840 ouehoro
1579 2787 1716 2842 scindemi-

930 2857 972 2922 uiu
984 2851 1006 2924 et
1017 2843 1109 2925 ailoha,
1122 2844 1168 2898 hoc
1177 2847 1271 2901 inclino
1286 2850 1348 2903 horo
1361 2854 1451 2907 nostru
1463 2853 1574 2926 iiidiqnis
1586 2857 1715 2928 supplico·

930 2911 1041 2994 tionibus·
1050 2929 1105 2981 pias
1125 2929 1218 2978 eurer,·
1231 2926 1258 2971 ut
1271 2919 1293 2973 si
1306 2920 1363 2985 lior,
1379 2936 1426 2993 pro
1435 2938 1484 2992 quo
1495 2925 1624 2992 punimur,
1635 2926 1716 2991 melus

929 2995 980 3034 nou
992 2984 1181 3065 secretusque·
1190 2983 1343 3042 liberationis
1357 3007 1416 3059 opes
1429 2993 1521 3061 pietute
1531 2994 1606 3048 solito
1622 2996 1716 3049 seritiu-

930 3065 994 3104 mtis.
1011 3049 1118 3132 Quodsi
1132 3054 1255 3122 sortitiae,
1269 3058 1381 3128 erigente
1394 3059 1496 3128 jiutitio
1509 3063 1712 3118 condonarentur.

929 3116 992 3200 liaeo
1016 3119 1059 3173 ubi
1072 3118 1229 3201 dixerunt,
1253 3126 1321 3181 eolla
1336 3129 1482 3184 extrudunt
1494 3133 1660 3187 curtiittcibus
1675 3133 1716 3187 le·

929 3186 1038 3252 nenda,
1052 3188 1089 3243 nil
1111 3189 1230 3247 dicentes
1243 3194 1312 3248 alitid
1330 3212 1420 3265 quam,
1435 3197 1570 3267 succurre,
1585 3216 1712 3269 succurre,

931 3254 1083 3325 lihrougiue
1094 3258 1214 3330 gloriose!
1228 3263 1294 3328 Quid
1304 3265 1410 3330 utinum.
1424 3268 1447 3322 si
1463 3276 1502 3324 tot
1515 3268 1637 3339 lacrymis
1647 3285 1714 3335 etin·

928 3333 1032 3379 ctormn
1046 3326 1079 3381 ad
1099 3340 1128 3381 se
1143 3332 1304 3385 currentium
1320 3333 1470 3389 misericors
1485 3338 1570 3406 opilea
1585 3332 1716 3411 llicrunt'·

929 3408 990 3448 mus
1006 3408 1036 3449 se
1061 3409 1076 3475 a
1100 3395 1248 3454 miserendo
1263 3417 1316 3455 tion
1339 3404 1421 3470 potnit
1434 3405 1648 3471 abstinerentur
1663 3399 1716 3465 cir·

929 3472 1115 3544 cumsttnttum
1128 3468 1245 3521 oninium
1258 3477 1284 3524 et
1293 3471 1444 3527 camillcum
1454 3473 1534 3530 corda
1548 3476 1581 3532 ad
1594 3492 1713 3547 cottipas·

929 3547 1032 3613 stonum
1058 3537 1246 3590 morerentur?
1271 3537 1389 3593 Eleratis
1420 3543 1550 3610 siquidem
1584 3547 1712 3613 erisiliits,

927 3615 1054 3682 putenam
1068 3603 1206 3665 carnifices
1224 3607 1291 3661 colla
1305 3607 1412 3674 luriunt,
1426 3611 1473 3665 sed
1487 3613 1554 3668 eolla
1569 3617 1715 3683 periussio-

930 3685 993 3752 nitio
1004 3684 1088 3740 signa.
1097 3673 1171 3753 quasi
1181 3675 1357 3746 porphyretici
1367 3678 1469 3748 laptides
1479 3678 1566 3737 iurent
1576 3683 1714 3754 recipiunt.

931 3737 1058 3793 thraittur
1071 3744 1219 3806 carnillccs,
1234 3745 1374 3802 eredentes
1387 3763 1417 3802 se
1436 3749 1505 3805 ictus
1518 3750 1653 3818 ielcllisse,
1666 3752 1715 3811 de-

931 3822 983 3863 niio
995 3808 1143 3891 eletaiitnut
1157 3811 1216 3891 plus
1240 3825 1350 3885 possunt
1371 3831 1469 3884 enses,
1494 3827 1522 3874 et
1534 3819 1648 3887 ieriuiit;
1664 3824 1712 3878 scd

931 3886 1019 3959 tritten
1032 3885 1061 3932 ut
1070 3893 1144 3948 prins
1159 3883 1319 3940 insensibilia
1329 3884 1457 3953 juvenum
1470 3888 1538 3944 eolla
1548 3901 1667 3946 manent.
1681 3895 1715 3949 ill

931 3945 968 4010 illi
983 3954 1076 4011 iturum
1087 3957 1166 4017 atique
1181 3951 1275 4006 iterum
1288 3954 1400 4013 leniunt·
1417 3956 1464 4015 soil
1479 3971 1557 4012 enses
1575 3960 1650 4030 quasi
1670 3954 1718 4023 cel

930 4025 990 4096 sunt
1011 4016 1103 4087 palem,
1116 4017 1226 4101 invenes
1238 4036 1371 4093 uunquam
1392 3994 1499 4080 hudttut.
1516 4025 1606 4083 Oritur
1617 4043 1650 4085 es
1664 4029 1715 4086 huc

931 4092 1000 4139 intur
1019 4093 1137 4167 astantes
1157 4087 1308 4157 aduiirutto,
1321 4100 1348 4147 et
1360 4102 1454 4163 stupor
1465 4096 1715 4153 veliementissitmis

930 4168 1023 4235 ornnes
1034 4165 1113 4225 capit.
1128 4155 1192 4210 liiiio
1207 4158 1268 4213 inde
1280 4161 1398 4230 gentium
1410 4162 1443 4216 ad
1458 4173 1511 4219 tam
1527 4167 1659 4223 insuetam
1674 4170 1715 4224 rt-

929 4236 1031 4277 sionem
1056 4222 1165 4280 conlinit
1182 4227 1332 4285 multitudo.
1346 4231 1427 4288 dudit
1445 4231 1497 4288 boc
1516 4242 1552 4290 et
1570 4236 1627 4305 ipse
1651 4251 1714 4307 seq·

931 4292 1019 4345 tentiae
1033 4290 1109 4371 lator,
1129 4303 1156 4348 et
1168 4299 1282 4351 accurrit
1295 4315 1303 4352 ι
1315 4299 1391 4369 lubet
1412 4301 1507 4357 iterum
1531 4304 1713 4370 caraille-ibus,

930 4367 969 4439 iit,
982 4374 1013 4418 se
1023 4358 1148 4425 ridente,
1163 4361 1250 4432 deuito
1262 4365 1376 4435 ierlant;
1398 4379 1426 4426 et
1450 4379 1537 4426 tamem
1562 4374 1716 4431 omnimode

930 4427 1143 4511 tllaesajurenum
1153 4432 1221 4511 colla
1234 4445 1349 4492 manent.
1362 4434 1477 4508 Stupens
1491 4442 1617 4513 magisne
1630 4446 1714 4515 magis

928 4495 1021 4618 qqtdex,
1036 4506 1153 4566 tantique
1165 4515 1271 4570 ignarus
1283 4506 1419 4573 miraculi,
1446 4509 1482 4562 nil
1507 4519 1558 4564 scit
1580 4511 1650 4567 aliud
1664 4528 1713 4569 cur

950 4565 1079 4647 ‘Pistam’
1102 4581 1183 4648 qnam
1195 4572 1320 4642 renebcia
1339 4576 1464 4644 cogitare.
1482 4576 1571 4634 Prisce
1592 4581 1610 4634 't
1626 4575 1715 4651 itaque

932 4642 1059 4715 iiiiittstrts
1071 4650 1144 4691 omitt
1163 4652 1238 4693 mora
1252 4644 1396 4711 postposita
1408 4684 1418 4715 ,
1430 4645 1514 4703 nudos
1528 4657 1565 4699 tra
1587 4652 1715 4707 laesurus

929 4717 1039 4785 poenes
1051 4705 1107 4774 rogi
1121 4705 1243 4765 dammis.
1258 4710 1337 4765 Circa
1351 4710 1410 4765 illos
1431 4728 1492 4768 mos
1509 4716 1631 4784 copiosus
1646 4718 1713 4788 iguis

931 4771 1091 4854 accenditur,
1107 4773 1253 4831 infunditur
1264 4778 1281 4833 tt
1301 4780 1342 4849 nis
1354 4780 1441 4836 oleum
1461 4791 1488 4837 et
1502 4786 1565 4854 pis,
1579 4796 1713 4843 uteorum

932 4850 983 4894 ιιιι
1006 4849 1084 4923 citios
1101 4841 1261 4900 destruatur.
1282 4794 1352 4916 huid
1375 4851 1535 4915 mitandum,
1556 4854 1578 4907 si
1603 4869 1713 4926 compos

931 4908 1083 4979 protegendi
1098 4911 1132 4993 ab
1146 4913 1252 4969 ensibus
1266 4916 1395 4986 gloriosus
1406 4918 1593 4992 hieronymus,
1613 4924 1715 4980 ailam·

931 4979 982 5058 nris
992 4992 1055 5034 suos
1069 4993 1099 5034 se
1114 4991 1266 5049 inuocantes
1279 4986 1378 5042 seilulis
1389 4990 1499 5047 roribus
1509 4992 1618 5058 jurense
1630 4996 1715 5063 potnit

932 5047 1062 5101 liberare?
1074 5047 1184 5104 Sursum
1197 5050 1295 5122 igiiinm
1303 5055 1416 5113 dammae
1429 5059 1455 5113 in
1466 5058 1623 5116 iimiiensiim
1636 5077 1714 5119 seau-

932 5114 1016 5197 dunt;
1033 5125 1067 5198 ⁸at
1089 5118 1201 5189 juvenes
1218 5124 1268 5177 sub
1292 5124 1341 5178 alis
1363 5127 1538 5185 consistentes
1561 5131 1713 5206 hieronymi

931 5185 1051 5267 gloriosi.
1075 5188 1216 5251 salttbritor
1240 5205 1413 5260 periitnneut,
1429 5198 1507 5250 reliiti
1530 5200 1555 5254 itt
1570 5214 1676 5255 atnoeno
1688 5196 1711 5257 si

931 5264 1098 5324 quiescerent
1122 5259 1247 5315 itrtdaito
1266 5272 1294 5317 et
1313 5264 1440 5332 jucundo.
1464 5267 1527 5321 Post
1551 5267 1608 5338 irasc
1630 5270 1712 5340 judeis

931 5331 1019 5407 utrum
1032 5324 1082 5406 boe
1096 5327 1280 5385 ascribendum
1301 5333 1434 5388 miraculis
1447 5350 1480 5390 an
1494 5339 1638 5405 reneilciis,
1653 5356 1713 5396 eor·

933 5401 985 5459 trus
997 5406 1105 5462 cupiens
1119 5399 1250 5469 experiri,
1270 5411 1302 5457 ut
1325 5403 1348 5457 si
1370 5404 1396 5456 hi
1415 5403 1507 5459 diebus
1520 5414 1580 5461 octo
1591 5410 1714 5478 suspensi

932 5462 1060 5544 virerent,
1075 5479 1128 5534 qno
1140 5467 1237 5523 vellent
1254 5471 1357 5529 abirent
1370 5473 1448 5527 soluti
1458 5482 1486 5529 ct
1499 5474 1585 5537 liberi.
1598 5480 1712 5535 censuit.

932 5530 1074 5614 Sitspcusts
1094 5535 1182 5615 itaque
1197 5538 1264 5606 illis,
1279 5554 1341 5595 mor
1355 5540 1508 5614 Hieronymi
1520 5544 1628 5614 gloriosi
1643 5562 1713 5618 pras-

933 5611 1017 5654 setitia
1040 5618 1148 5683 minime
1168 5604 1266 5670 deluit.
1287 5611 1333 5678 qui
1354 5612 1457 5681 plautas
1477 5614 1597 5669 ntauibus
1620 5626 1714 5673 teneris

933 5668 1051 5751 pedum,
1066 5673 1161 5731 illesos
1179 5684 1207 5732 et
1219 5679 1323 5742 tiraces
1335 5680 1440 5747 statutis
1454 5681 1546 5745 dicbus
1560 5686 1718 5759 otiisbllitpr
