3906 6390
203 225 252 283 tlt
812 222 843 281 S·
863 217 1044 279 nucbstlnt
1064 214 1214 273 crisconi
1770 216 1831 279 'ltu

200 340 250 400 lari
262 337 406 413 subaudio,
417 350 526 409 qucum
535 335 647 391 invicem
660 332 838 399 consolamur,
849 347 864 387 a
874 329 987 386 bominn
1040 327 1208 383 exsolverent
1222 326 1317 399 (daed.
1333 343 1426 395 xxxn,
1440 327 1480 399 6.)
1492 326 1558 397 Quae
1569 342 1629 384 cum
1639 328 1769 397 dicerem,
1782 344 1831 384 co-

200 431 319 505 praestita
334 439 391 495 est:
405 428 431 484 in
444 444 497 499 guo
510 424 808 498 promerendomultum
822 437 871 480 nos
884 422 988 493 adjutos
1039 416 1125 474 dicem
1145 418 1224 474 etlam
1247 419 1354 489 accepi,
1369 427 1397 475 el
1416 420 1523 475 recitavi
1541 427 1624 474 toturn
1645 419 1718 474 illurn
1729 420 1830 476 lorum.

200 520 408 579 mandimus
421 518 575 590 ipsavestra
596 515 784 580 sollicitudine,
797 512 988 585 gumproiecto
1040 507 1136 564 Addidi
1148 510 1228 563 eliam
1242 509 1404 565 cumdolore
1415 526 1467 581 qun
1480 510 1563 580 potui,
1578 509 1703 580 quoniam
1716 510 1833 580 Aposto·
1935 546 1940 555 «

199 612 258 667 siue
271 609 457 680 deprecatione
468 623 517 680 pro
529 607 607 663 nubis
618 621 678 663 esse
691 622 745 661 non
757 605 851 675 potuit.
1040 599 1083 653 lus
1095 600 1142 665 ait,
1151 598 1184 653 ad
1192 599 1397 654 discernendum
1405 599 1711 670 populumcbristianum
1723 614 1739 656 a
1753 599 1830 655 dori-

233 704 262 760 2.
272 703 363 774 bagae
381 720 415 760 ne
431 702 665 774 praetermittamus
678 706 774 754 vestrae
787 695 915 753 charitati
928 709 989 749 nar·
1041 687 1077 742 tie
1092 688 1255 755 ludaeorum,
1266 689 1411 759 Epistulam
1423 705 1497 745 suam
1506 704 1558 745 non
1570 688 1597 743 in
1610 689 1707 744 tabulis
1719 689 1831 759 lapideis

198 800 259 850 rare
272 793 334 863 quid
348 802 452 863 gestum
465 792 511 859 sit,
525 800 554 846 ut
572 790 708 845 nobiseum
726 789 782 843 beo
794 789 891 856 gratias
904 786 989 856 agulis
1040 777 1178 851 scriptam,
1196 779 1282 869 sedin
1297 778 1393 834 tabulis
1407 778 1495 834 cordis
1508 778 1659 835 carnalibus
1673 778 1708 849 (ll
1718 779 1777 834 Cor.
1790 796 1831 849 nt,

197 884 232 939 de
249 893 357 955 accepto
378 880 517 946 beneficio,
534 880 578 951 qui
593 880 731 934 nobiscum
752 891 844 947 preces
866 875 900 931 de
917 873 987 928 acci·
1040 869 1079 939 3),
1094 883 1154 923 cum
1168 868 1273 940 lioyses
1287 868 1401 924 famulus
1414 869 1478 937 bei,
1490 877 1597 939 propter
1611 868 1670 925 illos
1683 869 1829 940 principes,

198 971 296 1042 piendo
309 970 412 1028 indistis
423 986 430 1024 ι
442 985 503 1031 cum
525 978 585 1040 post
606 968 799 1039 profectionem
819 976 889 1021 tuam
911 963 989 1019 nobis
1039 958 1116 1014 binas
1127 958 1243 1029 lapideas
1257 960 1360 1016 tabvrlas
1368 960 1543 1031 confregisset
1554 957 1652 1032 (daed.
1667 975 1752 1027 xxxn,
1769 960 1829 1030 lli),

197 1062 346 1119 nuntiatum
354 1069 427 1119 esset
437 1060 589 1117 tumultuari
601 1060 735 1128 homines,
745 1067 773 1114 el
782 1058 871 1113 dicere
881 1054 988 1111 selerne
1039 1048 1172 1118 quomodo
1188 1064 1242 1104 non
1259 1063 1399 1119 possemus
1415 1050 1527 1104 istorum
1550 1048 1630 1104 corda
1651 1048 1830 1121 confringere,

197 1167 252 1209 uon
272 1167 353 1225 posse
372 1161 401 1208 ut
422 1153 467 1207 iila
483 1151 637 1208 solemnitas
651 1150 836 1221 prohiberetur
846 1144 895 1219 (a),
909 1161 989 1217 quern
1040 1137 1086 1207 qui
1108 1138 1232 1194 immines
1257 1137 1323 1193 N0l'i
1346 1138 1529 1206 Τθὸῑθῐΰθῠῑῑ.
1563 1148 1716 1194 mellitum
1737 1139 1832 1197 (liebus

199 1241 331 1297 Laetitiam
350 1242 530 1306 nominantes,
544 1240 695 1295 vinolentiae
715 1253 812 1295 nomen
830 1236 988 1297 trustraeo·
1040 1230 1206 1286 celebrandis
1232 1246 1264 1287 ea
1290 1230 1388 1286 velient
1414 1232 1568 1287 solemniter
1596 1231 1743 1299 exhibere,
1771 1248 1832 1302 quar

185 1310 294 1387 'noritur
307 1332 482 1399 abscondere,
496 1317 569 1387 sicut
583 1332 662 1386 etiam
684 1340 710 1385 te
729 1337 859 1401 praesente
879 1327 988 1398 javrrjam
1041 1320 1154 1388 populus
1166 1319 1272 1375 Veteris
1284 1319 1449 1377 Testamenti
1470 1328 1498 1376 et
1520 1321 1603 1376 semel
1622 1329 1649 1376 el
1667 1319 1738 1377 idolo
1759 1322 1832 1379 cele·

199 1422 386 1490 nuntiabator;
399 1431 548 1494 opportune
562 1422 638 1477 nobis
652 1421 747 1475 accidit
766 1420 869 1475 occulta
883 1418 990 1474 ordina·
1040 1409 1138 1465 bravii.

200 1515 273 1570 tione
285 1515 473 1585 omnipotentis
486 1513 543 1581 liei,
558 1522 587 1567 ut
598 1520 691 1582 quarta
704 1510 768 1565 ieria
784 1509 847 1564 iliud
863 1510 888 1563 in
902 1509 990 1563 Evau·
1075 1503 1105 1559 5.
1127 1502 1201 1559 Tunc
1214 1502 1319 1558 reddito
1338 1504 1422 1559 Exodi
1444 1503 1546 1569 codice,
1560 1503 1661 1560 crimen
1684 1504 1832 1570 ebrietatis,

199 1604 270 1673 geiio
282 1604 426 1674 capitulum
439 1610 634 1672 consequenter
644 1607 816 1655 accuretur:
828 1597 916 1652 Nolite
929 1598 990 1651 dare
1041 1601 1169 1664 quantum
1180 1602 1284 1664 tempus
1295 1593 1409 1663 sinebat,
1424 1609 1595 1666 exaggerans,
1607 1595 1709 1665 sumpsi
1723 1606 1833 1665 aposto·

198 1703 313 1748 sanetum
328 1694 442 1759 cantibus,
459 1708 538 1763 neqrre
557 1692 712 1763 projeceritis
727 1690 878 1761 ritargariluv
896 1697 990 1744 uestrae
1041 1683 1097 1739 lum
1103 1683 1224 1750 Paulum,
1235 1694 1263 1739 et
1275 1684 1411 1755 intercute
1424 1694 1531 1755 peccata
1541 1684 1626 1755 posita
1634 1694 1704 1740 esset
1716 1685 1831 1751 ostetrdi,

198 1794 355 1856 inteperent
371 1782 530 1856 (dartana,
539 1781 577 1853 6).
586 1781 737 1835 Tractatum
746 1788 786 1835 cst
796 1794 858 1850 ergo
869 1778 904 1833 de
914 1780 989 1833 cuni-
1042 1772 1133 1843 legens
1147 1774 1220 1827 illum
1235 1772 1333 1839 iocum,
1347 1772 1380 1829 Si
1399 1776 1457 1844 quir
1474 1774 1553 1844 frater
1565 1774 1706 1828 narrtiuetur
1719 1784 1764 1829 urat
1776 1775 1833 1843 sar·

199 1873 290 1929 bosel
303 1872 337 1929 de
356 1873 455 1943 porcis,
472 1872 506 1926 ita
518 1881 546 1926 ut
558 1880 584 1927 et
596 1870 728 1940 pervicaci
750 1870 846 1925 latratu
863 1866 990 1922 adversus
1042 1864 1149 1933 nicatur,
1170 1874 1214 1918 aut
1233 1864 1308 1920 idalia
1321 1866 1440 1934 seruiens,
1456 1875 1500 1920 ant
1512 1882 1613 1933 auarus,
1627 1876 1671 1920 aut
1683 1867 1833 1933 maledicus,

198 1961 247 2019 bei
260 1972 392 2033 praecepta
410 1962 538 2027 rixantes,
554 1970 581 2015 et
593 1960 757 2029 voluptatum
771 1958 916 2013 carnalium
930 1969 989 2010 sor·
1041 1962 1086 2007 ant
1105 1954 1238 2023 ddecet,
1267 1966 1310 2009 aut
1336 1973 1438 2027 rapar,·
1458 1973 1515 2011 cunt
1536 1958 1661 2028 ejuratodi
1684 1974 1729 2013 nee
1750 1959 1834 2015 eibum

197 2053 275 2109 dibus
295 2053 377 2109 dediti
400 2052 558 2109 erubescere
580 2056 755 2121 cogerentur3
782 2046 990 2116 conclusumque

196 2140 244 2206 lta,
257 2151 285 2197 ut
297 2140 417 2197 viderent
436 2155 514 2211 quam
535 2147 608 2195 esset
629 2136 760 2193 riciarium
782 2136 850 2189 intra
871 2134 991 2190 ecelesiae

196 2231 313 2303 parietes
324 2231 351 2287 id
362 2246 443 2303 agere
464 2230 573 2285 nomina
592 2226 737 2298 religionis,
752 2224 822 2297 quod
836 2225 861 2279 in
874 2225 929 2279 suis
943 2223 991 2279 do-

196 2323 286 2379 mibus
297 2324 320 2379 si
330 2339 409 2394 agere
421 2327 663 2393 perseverarent,a
680 2328 773 2374 sancto
793 2325 820 2373 et
841 2316 991 2387 margaritis

197 2414 442 2472 ecclesiasticiseos
455 2413 540 2469 areeri
550 2418 695 2481 ogiorteret.

234 2506 263 2561 3.
278 2504 331 2560 Sed
346 2504 404 2559 brec
421 2501 541 2573 quamvis
560 2510 634 2571 grate
652 2510 759 2571 acceptu
779 2499 887 2566 luerint,
902 2508 990 2553 lanren

199 2594 261 2666 guvia
275 2593 352 2663 pauci
366 2599 560 2658 convenerant,
582 2604 635 2645 non
658 2598 715 2643 erat
735 2588 897 2642 satisfactum
917 2595 991 2645 tanto

199 2684 317 2755 uegmio.
330 2682 382 2738 lste
399 2690 488 2742 auum
509 2694 598 2735 sermo
621 2694 682 2735 cunr
705 2678 739 2734 ab
758 2679 798 2733 eis
812 2677 856 2746 qui
870 2677 990 2742 aderant,

199 2775 389 2846 proculusque
403 2773 526 2829 facultate
545 2786 577 2826 ac
604 2769 710 2837 studio,
726 2768 790 2823 loris
809 2768 989 2833 ventilaretur,

199 2866 300 2921 multos
314 2864 406 2919 babuit
416 2861 636 2919 contradictores.
652 2858 748 2914 Postea
761 2874 826 2914 vero
842 2873 921 2928 ιιιιιιιιι
935 2858 993 2912 dies

199 2952 414 3025 Quadragesimae
426 2951 567 3017 illuxisset,
578 2957 606 3005 et
618 2948 741 3018 frequens
750 2946 892 3003 multitudo
902 2945 936 3001 ad
944 2946 993 3001 bo·

199 3058 257 3099 rant
272 3039 572 3103 tractationisooeurrit,
586 3038 683 3093 lec'lurn
693 3045 734 3093 est
747 3035 816 3092 istud
829 3036 856 3090 iu
871 3036 993 3105 Evange-

199 3132 248 3199 lio,
262 3132 307 3187 ubi
318 3130 445 3187 bomious
457 3129 492 3185 de
505 3128 604 3199 templo
616 3126 733 3197 expulsis
743 3125 924 3183 venditoribus
936 3127 994 3180 ani·

201 3220 322 3287 mulium,
336 3229 365 3282 et
375 3220 477 3281 eversis
492 3218 592 3274 mensis
606 3216 852 3283 nummulariorum,
869 3215 936 3271 dixit
946 3215 995 3271 do-

201 3327 275 3369 mum
287 3312 374 3369 Patris
386 3310 484 3381 suipra
496 3309 575 3365 domo
583 3309 732 3364 orationum
744 3307 900 3377 speluncam
914 3308 995 3362 latro-

200 3417 267 3459 num
287 3416 348 3459 este
366 3400 464 3459 traam
485 3396 548 3471 (ld.
570 3413 630 3464 ιιι,
651 3396 704 3469 le)
721 3396 813 3468 :quod
832 3396 993 3467 capitulum,

200 3508 263 3551 eum
277 3508 325 3549 eos
335 3492 452 3551 intentos
462 3490 598 3562 pmposita
608 3488 761 3544 vinolentiae
772 3488 918 3559 quaestione
931 3487 992 3554 ieci,

200 3594 230 3643 et
247 3584 304 3655 ipae
322 3596 429 3653 quoque
450 3581 571 3647 recitavi,
589 3579 752 3649 adjunxique
775 3578 992 3648 disputationem,

200 3688 255 3745 aaa
274 3670 446 3729 ostermerem
467 3676 567 3740 quantu
585 3668 744 3723 commotius
765 3675 792 3722 et
812 3666 995 3721 vehementius

203 3764 333 3821 bominac
355 3769 447 3817 noster
467 3759 572 3815 ebriosa
590 3758 723 3826 curavivia,
735 3774 797 3828 qvem
818 3758 914 3828 ubique
933 3766 995 3813 sunl

202 3852 345 3925 turpls,de
354 3852 455 3922 templo
463 3850 618 3921 expelleret,
629 3850 699 3905 unde
710 3850 748 3905 sic
757 3850 859 3919 expulit
867 3863 994 3905 concessa

1042 2059 1140 2097 suntne
1153 2043 1175 2113 (l
1193 2042 1252 2099 Cor.
1270 2061 1297 2113 v,
1314 2046 1375 2117 tl),
1392 2047 1589 2117 ingemiscendo
1603 2047 1750 2105 admonens
1771 2065 1833 2104 cvrrn

1043 2142 1141 2205 quanto
1159 2135 1277 2204 periculo
1291 2137 1492 2192 convivaremur
1504 2152 1565 2193 cum
1577 2138 1672 2208 eisqui
1685 2139 1726 2194 vei
1741 2140 1767 2193 in
1780 2140 1833 2195 do-

1042 2224 1130 2279 mibus
1151 2224 1346 2282 inebriarentur
1370 2228 1390 2282 ¹.
1412 2227 1476 2298 Legi
1494 2228 1574 2283 etiam
1595 2227 1658 2283 iilud
1683 2229 1755 2299 qvvod
1779 2244 1834 2285 uon

1043 2312 1124 2384 longo
1134 2314 1274 2371 intervallo
1287 2317 1407 2387 sequitur
1422 2334 1429 2371 ι
1446 2314 1532 2372 Nolite
1544 2333 1645 2381 errare,·
1655 2333 1734 2388 neque
1749 2320 1833 2390 serni-

1043 2414 1152 2473 caleret,
1167 2424 1245 2478 nenne
1257 2409 1332 2463 idolis
1349 2409 1498 2474 vernentes,
1521 2425 1600 2481 neque
1617 2409 1735 2477 adulteri,
1755 2427 1835 2483 neque

1042 2496 1145 2564 ntoller,
1161 2513 1240 2565 neque
1259 2498 1428 2552 masculorum
1453 2499 1624 2554 concubitores
1638 2542 1646 2566 ,
1661 2516 1740 2571 neque
1754 2504 1834 2573 sures,

1043 2602 1124 2655 neque
1132 2589 1211 2655 auam,
1224 2604 1303 2659 tregue
1316 2588 1503 2657 ebriosi,ncgue
1515 2590 1731 2661 antedictarum
1745 2600 1834 2659 rapta·

1043 2692 1084 2731 rea
1099 2693 1204 2748 regnum
1225 2678 1273 2733 brt
1286 2680 1455 2749 possidebunt.
1472 2680 1506 2735 El
1532 2681 1585 2736 baec
1606 2681 1707 2748 quidem
1729 2682 1814 2753 fuistis
1824 2698 1835 2747 ,·

1044 2765 1089 2821 red
1103 2767 1183 2821 abbati
1197 2771 1265 2834 eatis,
1290 2770 1477 2841 aedjuatifieatt'
1495 2773 1554 2827 eatis
1570 2773 1597 2826 iu
1618 2774 1719 2828 nomine
1730 2772 1835 2829 Domini

1044 2859 1106 2914 desa
1118 2857 1222 2927 Cirriali,
1232 2870 1254 2914 et
1268 2861 1359 2930 spirita
1369 2860 1417 2916 Dei
1426 2863 1504 2916 nestri
1519 2861 1657 2933 (ibid.,vr,
1669 2864 1759 2935 9-il).
1771 2864 1837 2932 Qui-

1044 2947 1199 3013 busiacus,
1222 2950 1277 3005 dixi
1296 2960 1324 3006 ut
1346 2952 1546 3009 considerarent
1572 2954 1706 3024 quomodo
1725 2966 1837 3025 possent

1045 3039 1138 3096 lideles
1152 3042 1254 3109 audire,
1268 3042 1311 3095 aed
1321 3042 1401 3098 abluti
1412 3045 1481 3112 estis,
1493 3044 1538 3115 qui
1551 3044 1637 3100 adhuc
1652 3046 1712 3101 talis
1733 3062 1835 3103 concu-

1045 3128 1182 3198 piscentia
1203 3130 1308 3196 sordes,
1322 3141 1414 3187 corrtra
1428 3147 1495 3203 quas
1509 3133 1641 3189 clauditur
1652 3150 1763 3205 regnum
1777 3151 1836 3193 cte·

1046 3222 1143 3289 lorum,
1166 3223 1192 3276 iu
1212 3222 1294 3278 corde
1309 3238 1369 3291 suo,
1383 3223 1409 3278 id
1423 3231 1464 3279 est
1478 3224 1506 3279 in
1523 3226 1649 3281 interiore
1669 3226 1717 3281 liei
1736 3228 1836 3298 templo

1045 3328 1105 3369 esse
1118 3313 1264 3383 patiuntur.
1279 3312 1343 3367 lude
1355 3323 1463 3369 ventum
1481 3324 1523 3369 est
1534 3314 1568 3369 ad
1582 3314 1647 3370 iilud
1666 3316 1834 3386 capitulum:

1045 3403 1253 3460 Conuenientibua
1267 3421 1327 3475 erga
1345 3406 1414 3460 aubia
1427 3408 1453 3459 in
1468 3423 1557 3471 nunna,
1577 3423 1627 3461 non
1637 3416 1674 3462 eat
1683 3408 1837 3464 dominicani

1046 3511 1142 3549 certant
1161 3495 1313 3549 celebrare:
1333 3496 1502 3565 unusquisque
1513 3497 1579 3551 erunt
1597 3498 1726 3569 propriam
1739 3515 1837 3553 cenant

1046 3584 1174 3654 prasrrmil
1184 3585 1210 3637 in
1223 3583 1420 3648 manducando,
1432 3595 1455 3638 el
1470 3584 1537 3638 aliua
1547 3585 1649 3654 quidem
1664 3587 1751 3655 esurit,
1770 3588 1837 3643 aliua

1046 3672 1184 3728 ebmnaest.
1199 3672 1332 3743 Nuuaqaid
1349 3674 1437 3728 dantes
1456 3673 1612 3729 noulrabetia
1631 3676 1666 3730 ad
1677 3676 1835 3731 manducau-

1045 3764 1106 3817 dunr
1118 3774 1141 3819 el
1154 3765 1305 3819 bibendum?
1320 3783 1353 3819 an
1363 3764 1503 3820 Ecclesiam
1514 3766 1559 3821 nel
1569 3770 1726 3822 contenuitis
1741 3768 1834 3841 (ibid,

1046 3869 1083 3917 xv,
1095 3854 1205 3925 ibiibi?
1226 3871 1278 3924 (pao
1299 3858 1409 3913 recitato
1424 3858 1574 3929 diligentius
1586 3860 1787 3927 commendavi,
1803 3878 1837 3917 ne

202 3942 447 4010 commerciacum
466 3954 498 4015 ea
517 3938 706 4015 venderentur,
721 3954 780 4009 qun
791 3939 929 3995 saerlldls
949 3940 995 3993 illu

203 4042 326 4106 uapore
343 4032 425 4091 licitis
443 4039 535 4087 essem
553 4029 721 4096 neeessaria;
741 4044 864 4099 quaerens
884 4029 919 4084 ab
939 4031 992 4097 eis,

1048 3948 1158 4002 borresta
1172 3949 1278 4018 nitidem
1294 3958 1320 4003 ct
1331 3950 1418 4003 sobria
1429 3951 1550 4005 eorrrivia
1572 3951 1670 4007 debere
1681 3953 1706 4007 in
1723 3954 1836 4009 ecelesia

1046 4039 1192 4106 celebrari;
1206 4039 1417 4111 qtvavvdoquidcur
1426 4042 1569 4113 Apostolus
1579 4059 1633 4098 non
1645 4043 1751 4113 dixerit,
1760 4046 1836 4101 Nuru-

1046 4128 1110 4199 qoid
1120 4127 1213 4183 doinus
1228 4144 1280 4183 non
1295 4128 1397 4185 bubalis
1411 4131 1445 4185 ud
1459 4132 1628 4188 inebriandos
1641 4138 1708 4189 vesi
1722 4144 1751 4190 ut
1761 4138 1836 4205 quusi

1048 4216 1231 4273 tantummodo
1255 4218 1380 4273 inebriari
1402 4219 1429 4273 in
1450 4221 1562 4278 ecelesia
1581 4236 1633 4277 non
1650 4223 1761 4291 liceret:
1777 4227 1835 4293 sed,

171 4280 194 4379 ὲ,
238 4308 266 4367 d.
286 4308 320 4365 Et
337 4307 462 4380 quoniam
485 4306 551 4362 milri
570 4314 725 4377 praeparate
745 4306 873 4362 lectiones
894 4322 994 4378 saggo·
1047 4306 1294 4361 admanducandum
1311 4318 1334 4362 et
1356 4308 1505 4377 bibendam,
1525 4312 1597 4381 qood
1621 4322 1707 4381 potest
1725 4314 1837 4372 honeste

204 4396 296 4457 uude
307 4398 475 4465 tenebantur,
497 4395 605 4467 adjunxi
618 4394 718 4451 deinde
738 4396 824 4465 ipsum
838 4396 925 4453 adbuc
936 4414 996 4453 ear·
1047 4396 1122 4465 lteri,
1138 4398 1185 4453 sed
1196 4408 1292 4468 praeter
1306 4400 1456 4469 ecclesiam,
1469 4403 1503 4455 ab
1516 4402 1555 4457 eis
1568 4404 1613 4472 qui
1626 4403 1836 4474 damasii-abent,

205 4490 292 4546 aulem
302 4485 601 4560 populantuduurum,
610 4485 637 4540 in
647 4484 693 4539 illo
702 4485 865 4555 templo,ubi
878 4486 995 4543 nondum
1048 4490 1093 4545 ubi
1106 4489 1238 4545 alimentis
1250 4492 1408 4546 necessariis
1422 4492 1495 4547 rullei
1507 4494 1626 4563 possiut;
1646 4504 1673 4550 et
1688 4505 1776 4552 tumen
1789 4514 1838 4555 nos

204 4594 303 4653 eorpus
323 4588 351 4635 et
380 4577 488 4650 sanguis
507 4574 613 4637 bomini
632 4574 809 4644 offerebatur,
830 4592 884 4633 oon
909 4578 995 4633 solum
1049 4578 1082 4633 vd
1098 4580 1146 4634 bas
1159 4582 1295 4650 angustias
1308 4590 1494 4652 corruptorum
1510 4592 1656 4653 temporum
1669 4595 1696 4641 et
1714 4587 1838 4644 dillluen-

204 4669 352 4737 γίιιοιοιιιιι,
365 4666 414 4725 red
425 4682 476 4728 nee
486 4664 577 4729 sobria
595 4664 703 4737 quidem
718 4680 835 4735 uuquam
847 4667 997 4729 celebrasse
1049 4664 1115 4723 tium
1127 4684 1232 4724 rnorurn
1254 4684 1314 4725 essa
1334 4671 1486 4739 perductos,
1501 4682 1531 4728 ut
1544 4675 1577 4729 iis
1591 4676 1707 4731 nundum
1720 4679 1840 4735 rvrodcsta

205 4758 344 4827 couriria3
358 4772 409 4819 nec
416 4772 464 4813 eos
475 4755 580 4831 publice
588 4754 723 4827 religionis
735 4755 842 4819 nomine
854 4756 997 4815 inebriatos
1048 4760 1183 4827 curavivia,
1198 4760 1245 4817 sed
1263 4760 1357 4817 saltem
1376 4760 1551 4820 domesticum
1572 4780 1685 4837 regnum
1704 4768 1839 4826 ebrietatis

205 4850 320 4911 inveniri
340 4850 368 4907 in
386 4848 506 4917 bistoria,
522 4846 573 4903 uisi
585 4862 647 4904 eum
668 4844 736 4913 desta
757 4845 883 4911 fabricato
901 4848 996 4915 idolo¹
1049 4859 1181 4922 optemus.

1085 4940 1113 4997 b.
1133 4939 1345 4999 Gornmemoravi
1357 4944 1436 5000 etiam
1452 4945 1589 5017 Evangelii
1605 4946 1749 5017 capitulum
1769 4950 1840 5018 quod

181 4166 189 4203 3
204 4125 302 4197 quibus
315 4124 470 4187 similiorem
483 4129 607 4194 potarent
620 4121 774 4192 speluncam
790 4120 935 4191 latronum,
948 4138 995 4178 ue·

174 4208 187 4271 '.
203 4216 320 4273 cessaria
328 4214 514 4281 vendentibus,
526 4229 560 4269 aa
569 4211 744 4269 immoderate
754 4212 915 4269 bibentibus.

187 5070 193 5124 ;
235 5020 909 5152 zafflbffimdfflmffifflffilfflm
921 5100 998 5139 mm
1049 5032 1135 5103 pridie
1148 5041 1335 5100 tractaveram,
1351 5034 1394 5089 ubi
1417 5035 1451 5091 de
1473 5035 1713 5107 pseudoprophetis
1734 5039 1835 5094 dietum

284 5150 291 5162 ·
322 5156 350 5201 lli
363 5101 544 5213 OEfflm
560 5148 680 5205 pm,
694 5154 746 5196 ,m
760 5146 820 5197 ,mm
836 5150 942 5211 elmi
956 5150 999 5203 γι.)
1049 5132 1112 5179 est:
1128 5122 1171 5178 Ec
1184 5123 1306 5193 [ructibus
1320 5140 1407 5179 earam
1421 5126 1575 5195 cognoscetis
1588 5141 1630 5180 eat
1653 5124 1760 5199 (llattlt.
1785 5144 1839 5196 vu,

208 5208 690 5281 adorleltueariexiacouvlveutur...tu
706 5204 998 5282 memmmuujpsruru
1051 5214 1107 5286 lb).
1124 5212 1223 5269 Deinde
1247 5216 1274 5267 ln
1298 5212 1453 5279 memorium
1466 5216 1589 5269 revocavi
1605 5216 1707 5272 lructos
1728 5232 1762 5272 eo
1782 5218 1841 5274 loeo

210 5270 673 5393 {mmmm
687 5275 912 5391 mmfflfflffl
919 5282 1000 5381 322⁰ss
1052 5321 1105 5361 nou
1118 5306 1276 5375 appellatos,
1293 5306 1343 5360 nisi
1358 5318 1457 5374 opera;
1485 5316 1539 5361 torn
1558 5308 1667 5378 quaesivi
1685 5308 1754 5363 inter
1774 5324 1841 5379 «paros

205 5344 499 5503 baltdttiffielllffllbtffl
508 5386 1000 5481 OEtlbltlflqssffllfflllifflmbett*
1052 5392 1154 5451 frabus
1168 5398 1302 5451 nominata
1315 5406 1386 5449 esset
1404 5394 1527 5464 ebrietas,
1548 5398 1693 5453 etrecitavi
1716 5397 1779 5453 iilud
1802 5398 1837 5466 ad

205 5460 313 5513 luent
358 5458 375 5500 ll
425 5450 701 5511 nantuacensibus
715 5458 856 5501 occureret
866 5450 923 5501 bure
938 5452 1002 5503 nula
1145 5490 1149 5501 .

218 5520 339 5565 retoxui
390 5510 550 5573 iamdudum
643 5510 777 5575 atiridque
793 5512 897 5575 ipsiaisi
907 5513 1000 5565 aemilii

223 5570 557 5646 mtuiutetotiinouvnoe
631 5580 708 5633 uam.
1085 5570 1401 5639 transsumentem]

1768 5680 1786 5711 ·!
