3906 6390
156 310 206 366 llil

154 433 194 486 ira
208 424 301 496 legitur
311 424 390 480 etiarn
401 424 427 479 in
439 424 506 480 libro
517 423 568 479 lob
584 441 589 478 :
607 422 690 477 Horren
700 430 773 475 notus
781 437 811 475 es
822 419 937 485 nruiiere,

154 518 234 572 treis
254 517 310 571 rite
328 523 352 570 et
366 515 454 584 plenus
467 514 614 568 iracundie.
636 512 712 569 Unde
732 513 810 582 igitur
832 513 869 566 ira
892 512 938 566 llei

155 618 239 675 super
259 605 436 659 innocentiam
460 604 581 674 narruli,
603 603 653 658 nisi
677 603 813 673 originalis
825 612 897 657 sorte
908 616 939 657 ae

153 690 234 751 surde
245 696 344 765 peoead
354 696 366 749 ‘l
378 695 476 765 deque
488 696 514 749 in
529 694 622 750 eodem
635 695 702 750 libro
714 693 804 749 itidem
813 693 939 762 seriptum

155 793 208 850 est,
221 799 274 838 non
287 797 346 838 esse
358 783 392 837 ab
405 781 594 839 boemundum
608 798 655 837 nee
674 783 800 836 iniantern
811 781 886 851 euius
899 788 940 836 est

154 874 234 928 unius
245 873 297 928 diei
308 873 360 927 rita
372 886 453 942 super
465 880 561 927 terram
571 870 632 941 (iob
642 886 701 936 ιιι,
715 872 741 936 l,
750 871 777 937 5,
787 887 836 925 see.
845 869 938 939 Lxx).

187 962 217 1016 l.
232 960 290 1015 llon
312 976 376 1030 erqo
394 961 421 1015 iu
438 961 495 1015 istis
512 958 576 1014 nihil
598 959 652 1028 egit
667 958 737 1029 qnod
752 957 881 1013 adversus
893 972 940 1012 eos

154 1051 345 1106 instantissime
359 1049 518 1119 disputatur,
536 1057 564 1103 et
575 1063 666 1103 ennam
681 1047 791 1102 auribus
803 1046 939 1101 eatholiost

150 1155 233 1195 voces
251 1141 311 1194 hine
323 1149 402 1209 atque
417 1137 477 1192 iude
488 1137 705 1202 circumsonant,
726 1134 939 1205 qnandoquidem

152 1230 274 1283 uolentes
299 1227 476 1297 argrinrentari
498 1234 589 1281 eontra
610 1225 780 1280 Sacramenta
801 1223 938 1290 Ecclesiae,

151 1317 266 1373 erarrlessi
286 1327 346 1372 sunt
363 1325 449 1370 tamen
464 1316 585 1384 parvulos
605 1315 723 1369 eredere.
745 1313 803 1367 Non
822 1313 861 1367 eis
875 1327 940 1382 ergo

154 1409 309 1479 prnrrtittant
324 1408 422 1470 vitam,
443 1406 545 1460 etiamsi
560 1421 611 1458 nun
626 1405 722 1458 luerint
743 1404 865 1474 baptizoti
881 1420 888 1455 ι
905 1402 939 1458 do

152 1514 203 1568 qna
217 1498 288 1553 enim
301 1495 352 1551 alia
365 1497 416 1550 rita
427 1497 533 1562 dieitur,
546 1495 595 1562 Qui
603 1495 789 1549 incrednlnrert
801 1494 879 1561 Filio,
890 1511 939 1550 uon

153 1587 246 1640 ridebit
259 1586 353 1640 ritem?
374 1585 428 1640 Nee
440 1599 490 1640 ens
504 1599 519 1638 a
534 1598 618 1652 regno
638 1583 765 1639 reelornm
783 1584 822 1638 sie
840 1583 940 1639 latean-

147 1685 199 1741 ,tnr
211 1676 325 1741 alienos,
342 1684 369 1729 ut
385 1683 471 1729 tamen
485 1689 500 1727 a
514 1673 684 1729 damnatione
696 1672 839 1728 defendant
855 1691 862 1727 ε
878 1687 939 1727 nam

154 1765 218 1835 quid
236 1766 289 1819 nisi
303 1765 437 1820 demiratio
448 1763 611 1833 significatur
629 1777 676 1832 per
695 1765 777 1828 iram,
792 1777 870 1831 qnam
888 1762 941 1816 Do-

155 1855 244 1910 minus
255 1868 334 1923 suaper
354 1869 407 1908 nnn
422 1852 572 1908 credentem
588 1866 695 1907 munere
719 1851 849 1906 testatur?
872 1851 940 1905 llul·

156 1953 211 1999 tum
234 1957 343 2013 prorsus
356 1949 564 2006 necessumst,
585 1950 612 1996 et
631 1941 688 1995 sine
708 1939 861 2010 scrupulosa
873 1955 939 1996 eon-

156 2033 299 2088 dietatiune
308 2046 387 2087 carisa
400 2031 471 2085 inuita
480 2040 530 2086 est.
541 2029 569 2085 Si
580 2028 650 2086 enim
660 2030 809 2084 concedunt
818 2029 940 2099 parrulos

155 2123 285 2188 eralere,
305 2121 396 2190 procul
410 2120 490 2175 dnbio
501 2120 570 2174 sieut
581 2133 629 2174 eos
649 2127 721 2173 tenet
741 2120 784 2174 illa
799 2120 939 2182 sententia,

157 2212 207 2279 Qui
222 2228 272 2266 uon
286 2220 387 2264 renatus
399 2209 473 2282 [uerit
484 2225 516 2263 ee
534 2226 600 2279 aqna
612 2217 636 2262 et
656 2209 774 2278 Spiritu,
796 2226 846 2263 non
860 2210 941 2263 intro·

153 2302 227 2356 bitin
240 2299 470 2372 regenerandorum
480 2298 568 2371 (loom
579 2315 617 2363 tu,
630 2298 673 2372 5),
685 2300 723 2356 sie
732 2301 811 2354 etium
824 2301 872 2354 ista
882 2315 941 2370 qum

152 2394 272 2462 eiusdem
282 2392 384 2448 Domini
396 2400 447 2460 est,
464 2391 513 2456 Qui
524 2392 656 2446 crediderit
669 2402 692 2445 et
703 2393 843 2463 inprimens
853 2391 939 2461 suerit,

151 2483 237 2538 miuus
251 2483 297 2537 erit
313 2497 323 2536 .·
338 2482 381 2552 qni
397 2492 480 2536 autern
496 2498 546 2535 nun
568 2481 718 2548 crediderit,
734 2480 942 2536 condennabitur

152 2573 247 2642 (llere.
264 2588 322 2637 xus,
337 2572 394 2643 td).
415 2572 481 2638 Quia
495 2587 558 2641 ergo
572 2586 632 2627 outn
655 2573 756 2642 paruuli
775 2572 942 2642 baptizantur

155 2663 271 2718 latentur
285 2662 382 2717 istieos
391 2676 450 2717 esso
461 2663 612 2727 eredentes,
625 2662 745 2716 damnari
758 2677 811 2716 non
821 2662 942 2718 dubitent

155 2766 209 2806 nnn
222 2752 380 2807 eredentes:
394 2760 421 2807 et
435 2753 548 2807 suadeant
560 2753 616 2822 jam
628 2752 735 2819 dicere,
751 2754 773 2808 si
789 2763 910 2823 possunt,
924 2770 940 2809 a

153 2843 225 2910 insto
240 2841 294 2894 lieo
306 2840 426 2895 damnari
439 2841 504 2895 nihil
518 2841 582 2895 nauli
596 2857 628 2896 ex
640 2842 742 2911 origine
757 2842 900 2909 trahentes,
916 2851 942 2898 et

156 2932 255 3000 metti
270 2930 420 3001 contagium
434 2945 487 2985 non
502 2930 639 2986 habentes.

189 3031 302 3088 catur
322 3029 365 3085 ΙΙΙ.
377 3059 412 3071 -
431 3031 459 3086 5.
482 3028 548 3084 lllud
563 3045 625 3085 reru
644 3030 713 3101 quod
728 3031 754 3085 in
776 3031 869 3088 litteris
889 3033 941 3087 tuis

154 3120 387 3187 eortrrnenrorasti,
410 3119 525 3190 objicere
540 3120 617 3176 nobis
633 3121 721 3176 lirroeh
732 3130 761 3177 et
773 3122 856 3177 Elium
870 3125 941 3194 quod

155 3211 251 3267 rrtnrtni
266 3226 319 3266 non
334 3210 443 3276 luerint,
458 3211 579 3266 sedeunt
597 3211 652 3266 suis
669 3213 825 3282 torporibus
844 3229 876 3269 ex
892 3214 939 3271 ista

154 3301 290 3366 libertinum
313 3301 515 3356 conversatione
536 3300 676 3366 translati;
698 3301 761 3370 quid
783 3317 829 3357 eos
843 3302 875 3357 ad
891 3304 941 3359 hoc

154 3390 226 3447 unde
238 3391 325 3460 agitur
339 3389 457 3459 adiuret,
471 3405 523 3445 nou
537 3390 664 3460 intelligo.
688 3391 724 3447 Ut
736 3393 807 3447 enim
821 3393 940 3449 omittam

153 3481 224 3551 qrrnd
238 3481 287 3551 ipsi
302 3496 406 3552 quoque
419 3481 539 3537 morituri
560 3490 650 3551 postea
664 3482 854 3552 perhibentur,
874 3484 943 3539 sieut

155 3573 273 3642 plerique
292 3580 428 3642 exponunt
450 3572 637 3644 Apoealypsim
656 3573 765 3629 loannis
784 3574 818 3629 de
838 3575 942 3631 duobus

156 3660 208 3715 illis
223 3661 376 3732 prophetis,
397 3660 555 3730 dequibus,
570 3662 657 3716 tacitis
672 3678 765 3718 eurum
779 3664 942 3732 nominibus,

153 3749 283 3821 loquitur,
305 3749 375 3821 qued
387 3751 430 3805 isti
442 3750 495 3805 duo
506 3753 590 3807 salicti
602 3767 662 3806 curu
677 3755 731 3808 suis
745 3762 807 3810 tune
824 3756 943 3824 eorpori-

155 3840 205 3896 bus
215 3842 389 3918 anuarebunt,
408 3843 539 3912 inquibus
555 3858 625 3898 nune
640 3845 872 3909 ainummehun
892 3847 941 3916 ipsi

155 3930 380 3999 quaemadmodum
394 3932 483 3986 ceteri
504 3939 634 4002 martyros
654 3948 701 4000 nro
720 3934 816 3988 Christi
831 3937 943 3990 ueritate

156 4019 304 4072 moriantur
314 4017 405 4087 (Aper.
422 4033 461 4084 xi,
475 4019 535 4090 tt)
551 4035 558 4072 ε
572 4027 601 4073 nt
612 4034 675 4089 erqo
686 4020 877 4090 hooomittam,
891 4024 942 4079 ista

155 4107 301 4176 quastione
309 4106 401 4173 dilata,
412 4107 610 4177 quomodolibet
622 4123 681 4164 sese
691 4109 796 4178 haheat,
807 4112 869 4183 qnid
877 4114 942 4170 istos

157 4196 275 4265 adherat,
296 4211 387 4266 quaeso
400 4197 444 4252 tel
469 4197 561 4268 Neque
572 4198 642 4255 enirn
658 4199 720 4257 bine
731 4201 875 4258 ostendunt
888 4219 941 4260 non

156 4296 264 4357 nrqrtor
286 4298 423 4357 precantum
445 4289 566 4345 homines
586 4290 731 4346 seerrndum
749 4307 847 4363 eorpus
862 4296 940 4350 mori.

154 4376 220 4430 Nam
231 4377 252 4430 si
269 4378 348 4443 lleus,
365 4379 409 4448 qni
424 4388 477 4433 tam
490 4378 580 4434 multis
594 4379 715 4436 fidelibus
726 4383 780 4437 suis
791 4383 873 4439 donat
885 4386 942 4455 ipsa

155 4474 273 4536 peecata,
290 4467 372 4521 uoluit
384 4468 539 4538 quibusdam
551 4470 630 4526 eriam
642 4472 718 4526 istam
728 4487 831 4542 poenam
843 4475 942 4531 diritate

155 4554 256 4622 peceati
269 4569 277 4621 3
303 4556 347 4624 qui
362 4571 410 4610 nos
423 4572 515 4612 suarius
525 4558 570 4628 qui
586 4561 795 4630 respondeamus
808 4564 862 4619 beo
873 4603 881 4632 ,
894 4580 942 4621 eur

153 4645 222 4701 olins
232 4646 271 4702 sie
282 4686 289 4709 ,
301 4648 368 4703 alius
380 4658 467 4705 autern
480 4650 539 4706 slei

193 4739 221 4795 6.
242 4740 359 4795 bieiruns
381 4754 445 4810 erqo
458 4740 529 4810 quod
548 4740 715 4811 apertissime
729 4744 873 4814 Apostolus
893 4748 940 4816 ait,

154 4836 252 4904 Corpus
262 4833 363 4904 quidem
379 4842 505 4886 mortuum
519 4842 554 4887 ert
566 4842 668 4904 propter
684 4845 828 4905 perehtuni,
840 4839 943 4908 spiritus

153 4937 237 4981 eutem
252 4926 302 4978 uita
316 4932 352 4976 est
365 4931 465 4993 propter
475 4923 611 4995 justitient.
626 4923 657 4978 st
670 4935 753 4980 nutem
765 4928 879 4996 Spiritus
888 4931 942 5000 ejus

153 5018 195 5085 qni
208 5015 335 5068 rrrreitnoit
351 5012 478 5067 Christum
497 5030 512 5065 e
526 5016 640 5079 mortuis,
655 5016 749 5071 habitet
771 5020 796 5074 in
808 5022 887 5086 uobis,·
899 5024 942 5093 qui

154 5106 280 5160 suscitarit
300 5104 428 5158 Christum
449 5120 465 5155 u
489 5108 603 5171 raortu's,
625 5106 760 5175 rinifieobit
780 5120 803 5164 et
824 5115 942 5168 mortalia

154 5211 261 5265 corpore
274 5203 355 5250 oestro
372 5209 415 5260 per
429 5193 607 5246 inhabitantem
624 5194 748 5264 Spiritum
767 5201 821 5271 ejus
834 5202 860 5254 in
874 5201 942 5256 uobis

156 5283 244 5357 (horn.
255 5300 310 5346 urar.
325 5283 380 5355 ll).
395 5283 447 5338 Nee
459 5293 546 5337 tuneu
561 5284 611 5338 ista
625 5285 663 5340 sie
675 5286 797 5357 dicimus,
813 5301 841 5347 ιιι
860 5308 941 5364 neqe-

155 5389 215 5427 rnns
230 5374 311 5427 lleurn
328 5388 405 5443 posse
419 5373 444 5427 in
457 5373 551 5442 quibus
564 5374 687 5443 noluerit,
704 5393 773 5434 nune
785 5382 873 5437 l'aeere
883 5385 941 5441 sino

155 5473 240 5517 nnnte
252 5464 320 5534 qnod
342 5466 400 5520 sine
413 5465 576 5520 dubitatione
594 5466 726 5523 eredimus
744 5471 770 5525 in
784 5480 837 5528 tarn
853 5476 941 5533 multis

155 5551 285 5606 hetorum
305 5568 365 5608 esse
386 5562 445 5623 post
468 5565 579 5610 nrurtenr
595 5573 602 5609 :
616 5572 666 5613 nee
688 5544 748 5614 ideo
768 5570 857 5619 tamen
877 5566 940 5622 illud

156 5640 251 5695 tabum
264 5641 324 5705 erit,
335 5643 405 5712 quod
418 5661 462 5714 per
474 5661 551 5699 urium
563 5646 686 5702 horninent
700 5662 825 5718 perronna
839 5656 864 5710 in
876 5657 940 5714 hunc

765 307 793 366 S.
814 299 997 366 secessim
1017 307 1165 370 suissuis
1758 321 1796 379 th

990 423 1111 477 ntundnan
1124 425 1234 488 intrarit,
1249 435 1271 478 et
1286 443 1329 496 per
1339 436 1484 498 peecatum
1500 445 1592 496 ruore,
1608 438 1635 485 et
1646 430 1683 485 itu
1696 431 1794 490 ἑιιιιιι

991 511 1103 567 herirines
1112 515 1263 584 pertransiit.
1278 515 1332 570 lloc
1345 516 1422 570 euim
1435 516 1554 571 dietum
1565 527 1623 584 est,
1633 519 1698 590 qnia
1711 521 1795 592 uisite

992 611 1127 670 peecatum
1147 617 1219 656 naurs
1239 603 1373 670 intrasset,
1393 605 1477 661 ranila
1495 621 1583 663 mors
1601 618 1688 664 esset.
1709 609 1796 668 llaurt

992 704 1052 744 eum
1065 689 1188 757 dicimus,
1202 692 1299 747 Omnes
1310 701 1424 764 propter·
1434 705 1562 764 moeste
1576 697 1795 770 mittunturiuqe

992 779 1121 847 hennam,
1142 783 1268 853 numquid
1292 782 1351 839 ideo
1370 783 1476 839 salsum
1504 786 1656 855 dicimus,
1680 789 1740 858 qnia
1757 806 1796 846 ιιι

991 883 1086 925 omnes
1103 871 1224 928 hominos
1235 874 1374 929 mittuntur
1384 871 1411 929 iri
1427 876 1626 946 gehennam?
1640 877 1710 932 illud
1719 881 1795 950 quites

993 959 1053 1015 ideo
1068 975 1158 1016 rerum
1176 969 1227 1028 est,
1242 977 1296 1018 riou
1308 962 1369 1034 qnia
1389 966 1486 1020 omnis
1503 966 1602 1021 homo
1622 969 1751 1034 mittatur,
1762 973 1796 1027 sel

992 1050 1052 1119 quia
1065 1050 1152 1106 nullus
1162 1051 1212 1106 nisi
1222 1061 1389 1122 peeratnum
1401 1056 1521 1112 meritis
1535 1058 1675 1114 mittitur.
1690 1059 1796 1116 Talisee

992 1153 1008 1194 e
1021 1142 1155 1196 contrario
1166 1143 1245 1198 etiam
1257 1142 1300 1198 illa
1315 1145 1464 1210 sententia,
1482 1146 1543 1201 Per
1555 1150 1795 1222 eniuejrrrrifiutie

991 1245 1048 1282 nem
1059 1230 1084 1283 in
1093 1247 1177 1284 omnes
1186 1233 1298 1288 homines
1306 1233 1576 1304 odiustifieutienem
1587 1239 1652 1294 uitoe
1664 1239 1721 1311 (ld.
1731 1257 1755 1306 r,
1764 1241 1795 1305 ιι

993 1318 1037 1390 ts)
1051 1337 1058 1373 r
1072 1335 1125 1375 nou
1137 1322 1208 1375 enirn
1221 1337 1314 1378 omues
1327 1323 1452 1380 homiues
1466 1327 1623 1395 pertinent
1634 1329 1673 1384 ad
1683 1330 1795 1400 justitita-

992 1409 1090 1464 tionem
1103 1409 1214 1477 Christi;
1230 1412 1277 1467 sed
1291 1413 1340 1468 hoe
1352 1413 1456 1470 dietum
1469 1424 1529 1483 est,
1547 1419 1622 1488 quia
1639 1436 1723 1477 nemu
1733 1423 1796 1493 jud·

992 1499 1087 1555 licetur
1100 1501 1151 1557 nisi
1166 1516 1214 1571 per
1226 1501 1372 1558 Christum.

1027 1589 1054 1643 t.
1075 1589 1155 1660 llagis
1165 1605 1229 1661 ergo
1239 1592 1402 1663 illaqueatio
1414 1608 1470 1649 non
1486 1595 1644 1655 immerito
1655 1611 1795 1667 moseten

994 1693 1071 1748 prena
1090 1680 1202 1749 peceati,
1215 1690 1324 1751 peceato
1343 1697 1396 1736 non
1415 1696 1604 1751 remanente,
1627 1693 1797 1752 renoneuil

993 1778 1045 1835 est,
1062 1770 1084 1823 si
1096 1771 1256 1826 morsetiam
1268 1772 1387 1840 eorporis
1400 1786 1482 1840 noerra
1496 1778 1617 1844 peecati
1631 1787 1687 1844 est,
1704 1780 1751 1833 ista
1764 1794 1799 1848 qu

995 1858 1048 1912 tius
1061 1858 1148 1927 aliqua
1157 1861 1269 1928 quaestio
1281 1869 1332 1925 est,
1346 1874 1394 1915 eur
1407 1862 1549 1918 moriatur
1564 1865 1665 1922 Infans
1679 1883 1740 1923 eunt
1756 1868 1798 1923 ine

992 1946 1028 2002 rit
1041 1947 1197 2016 baptizatus,
1214 1963 1293 2019 qnam
1313 1963 1362 2003 eur
1378 1961 1504 2006 mortuns
1521 1968 1585 2009 non
1607 1956 1648 2012 sit
1662 1958 1737 2012 Elias
1751 1973 1799 2012 ram

993 2035 1072 2091 inerit
1083 2036 1250 2106 justificatus.
1265 2037 1413 2093 lllinseuim
1424 2039 1504 2095 linito
1519 2027 1649 2112 peceato
1662 2060 1800 2102 moseten

992 2136 1081 2182 seenta
1106 2127 1141 2181 sit
1154 2143 1231 2197 poena
1245 2130 1362 2197 beeroth
1382 2128 1463 2201 ltnjns
1481 2133 1575 2188 etiarn
1601 2136 1686 2191 finito
1704 2151 1801 2207 promto

993 2231 1101 2273 morere
1119 2232 1172 2272 non
1187 2217 1266 2273 debet
1284 2217 1307 2273 si
1327 2233 1379 2274 non
1394 2229 1529 2289 sequatur
1546 2238 1636 2293 penna
1655 2229 1800 2295 maurelli

993 2321 1056 2375 ergo
1077 2306 1147 2360 illurn
1162 2306 1336 2374 questionem
1347 2307 1382 2362 de
1396 2317 1486 2364 morte
1505 2310 1737 2383 baptizatorum,
1753 2331 1800 2382 ctu,

993 2393 1060 2448 laeta
1068 2394 1210 2450 abolitione
1220 2396 1330 2465 peceati,
1342 2406 1468 2466 sequatur
1480 2407 1578 2454 tarrren
1590 2404 1727 2473 qna-darn
1736 2421 1802 2476 pura

995 2485 1108 2554 peceati,
1124 2485 1149 2539 in
1163 2485 1238 2540 libris
1251 2484 1285 2541 de
1305 2485 1440 2556 baptisrno
1458 2487 1666 2561 Para-ntorum,
1681 2512 1753 2567 quos
1765 2495 1803 2551 tili

993 2573 1049 2627 seio
1059 2588 1118 2628 esse
1129 2573 1292 2641 notissimos,
1302 2584 1428 2645 quantum
1440 2578 1591 2646 potuimus
1602 2583 1725 2640 donnino
1738 2586 1804 2655 adjo-

994 2673 1074 2719 rante
1086 2663 1256 2719 dissolvimus
1266 2664 1305 2734 (o)
1319 2674 1437 2735 equanto
1451 2667 1547 2722 lirinus
1563 2669 1619 2725 ista
1635 2688 1753 2730 morere
1763 2690 1804 2730 stas

993 2752 1072 2808 debet
1084 2754 1127 2808 ubi
1140 2753 1246 2820 dieitur,
1256 2755 1344 2821 Quare
1350 2755 1438 2825 justus
1449 2755 1525 2812 Elias
1540 2769 1679 2817 mortuus
1690 2780 1746 2818 nun
1757 2774 1803 2828 est,

994 2843 1016 2896 si
1030 2858 1102 2898 nrors
1114 2857 1191 2913 paena
1203 2845 1303 2914 peccati
1317 2844 1376 2899 esti
1385 2844 1460 2913 quasi
1470 2844 1629 2912 diceretur.
1642 2851 1740 2920 Quare
1747 2868 1803 2923 pee-

993 2940 1068 2986 eator
1090 2932 1165 2986 Elias
1188 2941 1307 2988 irrortuus
1327 2947 1380 2989 nou
1404 2943 1456 3001 est,
1478 2935 1501 2989 si
1522 2952 1608 2994 murs
1632 2957 1722 3010 poeua
1746 2957 1804 3013 pes·

993 3020 1121 3076 oatiest?
1452 3078 1457 3087 ,
1777 3084 1783 3091 .

1029 3110 1055 3165 8.
1076 3109 1132 3167 hisi
1154 3111 1223 3166 nnn
1242 3111 1312 3167 alind
1334 3126 1367 3167 ex
1383 3112 1437 3168 alio
1459 3124 1576 3171 irrorent
1595 3127 1626 3174 et
1646 3120 1803 3178 dieunt:si

994 3200 1085 3256 Erroeb
1100 3209 1127 3258 et
1141 3200 1213 3256 Elias
1226 3217 1310 3272 usqne
1328 3203 1394 3259 adeo
1413 3218 1465 3258 non
1481 3205 1626 3264 habebant
1646 3222 1804 3281 peroetum,

993 3302 1023 3350 ut
1041 3307 1090 3348 nec
1108 3301 1231 3358 mortem,
1247 3309 1307 3363 quau
1328 3294 1427 3363 peceati
1448 3305 1490 3350 est
1503 3310 1549 3365 ,ιω
1562 3313 1599 3364 a,
1622 3311 1802 3370 pulmentum

993 3383 1127 3453 quomodo
1141 3399 1219 3438 nenio
1232 3384 1274 3440 hie
1289 3384 1350 3440 uiuit
1363 3386 1421 3442 sine
1436 3389 1573 3456 peceato?
1587 3391 1681 3467 Quasi
1699 3412 1753 3452 non
1767 3397 1803 3453 eis

995 3473 1159 3544 qrrnlaabilius
1178 3474 1460 3544 respondeatur:lden
1480 3492 1551 3547 quos
1574 3479 1668 3538 linitis
1687 3488 1803 3556 moestis

993 3563 1077 3618 voluit
1095 3564 1221 3619 [lominus
1231 3565 1330 3634 virere,
1346 3580 1398 3621 nou
1414 3566 1457 3623 bie
1469 3569 1597 3637 perutisi
1612 3585 1686 3630 sunt
1703 3576 1800 3637 rivere.

994 3655 1118 3725 qnoniam
1130 3655 1172 3710 hie
1181 3657 1319 3727 qnisquam
1329 3658 1387 3712 sine
1400 3666 1509 3727 peceato
1521 3675 1577 3715 non
1591 3661 1690 3732 potest
1701 3667 1800 3723 virere.

994 3741 1047 3799 Sed
1066 3743 1122 3799 huc
1136 3752 1215 3813 atque
1234 3743 1385 3814 hujusmodi
1400 3745 1526 3802 adversus
1544 3748 1615 3805 istos
1629 3752 1691 3809 diei
1707 3766 1800 3824 [mtre-

995 3844 1066 3899 ruat,
1082 3835 1103 3888 si
1120 3849 1168 3906 pro
1177 3844 1250 3890 certo
1260 3835 1366 3892 aliunde
1377 3838 1568 3895 eorraineerent
1581 3841 1647 3898 illos
1660 3863 1800 3918 nusquarr

995 3939 1055 3980 esse
1068 3923 1220 3980 morituros.
1233 3923 1298 3980 Cum
1310 3941 1372 3981 nero
1385 3926 1411 3981 id
1425 3926 1521 3983 dooere
1532 3944 1589 3984 non
1600 3935 1729 4000 possint,
1742 3951 1799 3992 mo

995 4013 1097 4083 liusque
1108 4014 1167 4068 illos
1177 4023 1304 4069 tenturus
1318 4029 1377 4071 esse
1390 4015 1515 4071 erealatur
1527 4017 1563 4072 ad
1578 4031 1719 4092 mortem,
1734 4023 1798 4080 nihil

995 4113 1038 4160 est
1053 4118 1101 4158 eur
1114 4119 1162 4159 eos
1173 4104 1255 4159 relim
1267 4105 1345 4159 nobis
1357 4105 1473 4176 objicere
1491 4119 1581 4163 causae
1595 4122 1658 4166 suae
1678 4115 1753 4169 nulla
1766 4130 1799 4169 ex

995 4204 1069 4267 parte
1079 4196 1177 4267 aliquid
1193 4195 1354 4267 profuturos.

1030 4285 1143 4341 CAPUT
1157 4284 1201 4340 lv.
1216 4316 1250 4325 —
1262 4286 1289 4341 9.
1310 4284 1349 4341 lili
1371 4295 1459 4342 antem
1475 4287 1618 4358 dequibus
1632 4291 1706 4349 dixit
1726 4296 1797 4366 Apo·

996 4376 1088 4438 stolus,
1104 4390 1164 4431 eum
1184 4375 1337 4445 loqueretur
1348 4375 1382 4431 de
1396 4377 1591 4432 resurreetione
1608 4393 1795 4451 mortarorunt,

996 4465 1029 4519 Et
1043 4483 1088 4521 rior
1102 4467 1208 4521 uiuentes
1220 4467 1261 4536 qui
1273 4467 1362 4537 reliqui
1373 4483 1470 4530 ererum,
1483 4467 1558 4520 sirnnl
1570 4483 1629 4522 enar
1644 4472 1701 4527 iliis
1711 4476 1795 4544 repie-

996 4574 1053 4611 nnn
1065 4558 1091 4610 in
1111 4556 1216 4610 rrubihns
1231 4556 1327 4610 obuium
1342 4555 1440 4610 Christo
1458 4557 1484 4609 in
1497 4570 1574 4620 uero,·
1594 4565 1617 4610 et
1639 4560 1678 4613 itu
1695 4579 1795 4634 rumpe·

995 4665 1052 4702 euin
1064 4646 1174 4701 Dnrrtino
1186 4649 1278 4702 erirrnn
1295 4647 1415 4718 (turrea.
1428 4662 1466 4714 ιι,
1481 4645 1536 4716 td),
1550 4646 1667 4704 efferunt
1683 4653 1793 4723 quidem

994 4739 1093 4810 aliquid
1102 4738 1271 4809 quaestionis,
1282 4739 1329 4793 sed
1343 4755 1390 4809 per
1401 4740 1512 4809 seipsos,
1524 4755 1577 4794 non
1589 4753 1706 4814 propter
1716 4746 1792 4802 istos.

995 4828 1060 4884 Natu
1073 4829 1123 4883 etsi
1140 4843 1190 4882 ιιοιι
1205 4839 1267 4884 sunt
1278 4829 1358 4884 utiam
1373 4829 1421 4899 ipsi
1437 4829 1566 4895 riirarlturi,
1578 4831 1643 4901 quid
1659 4833 1729 4890 istos
1742 4837 1793 4891 ad-

992 4921 1085 4992 jurent
1099 4922 1207 4975 onirrino
1220 4936 1272 4975 non
1291 4921 1376 4986 uideo,
1393 4936 1452 4975 eunt
1468 4921 1528 4975 talia
1546 4921 1580 4976 de
1594 4921 1636 4997 lris
1651 4924 1707 4981 diei
1727 4941 1792 4996 sus·

995 5014 1058 5079 sint,
1076 5013 1163 5084 qualia
1182 5011 1216 5068 de
1232 5013 1284 5067 illis
1303 5012 1373 5066 dieta
1394 5021 1455 5068 sunt
1469 5011 1583 5067 duobus.
1602 5013 1658 5070 Sed
1683 5032 1792 5082 renen,

994 5113 1119 5174 quantuni
1134 5103 1167 5157 ad
1177 5102 1257 5158 rerba
1271 5102 1341 5157 beati
1351 5102 1470 5173 Apostoli
1485 5103 1608 5172 pertinet,
1623 5104 1735 5161 ridetur
1748 5122 1794 5162 as·

994 5208 1085 5249 serere
1101 5195 1230 5264 quosdam
1251 5194 1277 5247 in
1299 5193 1352 5248 dne
1373 5194 1462 5248 sectili
1484 5192 1643 5251 adveniente
1661 5197 1789 5264 Domino,

994 5300 1054 5340 earm
1072 5285 1157 5340 littura
1171 5294 1211 5340 est
1226 5285 1385 5339 resurreetio
1396 5293 1571 5348 mortuorum,
1585 5301 1640 5340 nnn
1650 5300 1715 5343 esse
1729 5304 1790 5343 mo·

994 5374 1103 5439 ritnros,
1125 5374 1171 5430 sed
1194 5374 1268 5429 rivos
1287 5383 1407 5444 repertos
1421 5375 1446 5428 iu
1466 5374 1537 5428 illam
1556 5375 1789 5436 inimortaliutenr

994 5481 1053 5536 qnae
1072 5466 1170 5521 sanetis
1185 5467 1264 5521 etiarm
1285 5467 1389 5522 ceteris
1401 5468 1488 5534 datur,
1504 5478 1616 5538 renerus
1631 5473 1788 5541 mutandos,

994 5563 1020 5609 et
1041 5556 1119 5610 simul
1135 5573 1191 5609 erran
1210 5556 1262 5610 illis
1276 5557 1420 5625 rapiendos,
1429 5557 1506 5613 sieut
1519 5556 1593 5624 dicit,
1613 5559 1640 5614 in
1659 5564 1788 5618 arabibus:

1025 5669 1061 5731 (o)
1077 5669 1125 5718 lib.
1133 5667 1157 5729 ι,
1168 5681 1220 5732 mqa.
1232 5669 1262 5719 sd
1275 5676 1299 5718 et
1310 5682 1379 5734 seqq.
