3906 6390
91 256 143 313 9οὃ

89 370 168 424 eitius
182 366 239 421 sire
258 365 357 421 tardius
376 365 464 421 retriat
476 376 555 434 quarn
569 369 683 432 putatur,
698 361 775 430 cuius
793 359 877 413 nrani-

89 457 195 514 lestatio
216 457 285 512 lldeli
309 457 439 511 charitate
458 453 584 523 diligitur,
602 460 629 507 et
650 451 694 520 pio
712 449 877 505 doeidmmur

89 550 196 605 ellectu.
210 548 308 605 Servus
320 548 418 618 quippe
432 546 477 600 ille
488 545 532 615 qui
552 542 630 608 dicit,
645 540 745 595 aaran
756 539 817 610 facit
828 537 876 592 do·

89 640 173 693 asinus
185 653 273 703 aaran
284 643 313 691 et
327 636 441 706 pereutit
454 646 601 689 conservos
613 645 687 696 suos,
700 629 840 684 manducat
850 636 878 682 ct

90 725 157 781 bibit
178 742 238 782 cum
258 725 370 780 ebriosis
391 724 465 796 (lae.
485 739 541 789 xit,
554 723 610 792 ibt,
626 735 678 775 non
692 721 781 789 utique
794 718 879 788 diligit

90 814 329 871 manifestationem
342 815 410 883 ejus.
431 815 470 868 Ex
488 812 608 866 moribus
617 810 687 865 enim
700 816 809 877 apparet
821 806 879 860 ani·

89 919 150 959 mus
162 905 234 975 ejus3
248 918 315 974 quos
329 917 434 968 mores,
448 903 510 956 licet
528 900 653 965 brevitor,
674 897 735 952 ideo
754 896 878 966 magister

88 994 174 1052 bonus
186 996 286 1051 curarit
296 996 456 1065 exprimere,
469 992 494 1046 id
504 1000 545 1047 est
555 990 704 1060 superbiam
715 995 793 1057 atque
803 988 879 1040 luxu·

89 1084 176 1151 riam,
191 1099 224 1139 ne
238 1083 309 1154 quod
330 1083 451 1146 dicebat,
466 1081 565 1135 liuram
578 1079 638 1150 sarit
654 1077 770 1132 slonaatu
791 1090 876 1140 meat,

88 1171 221 1228 desiderio
234 1173 334 1228 domini
354 1172 396 1226 sui
415 1172 504 1226 dicere
523 1169 686 1233 crederetur,
698 1181 752 1236 qno
769 1164 880 1220 ardebat

89 1260 135 1316 ille
148 1261 193 1332 qni
207 1261 313 1316 dicebat
326 1279 333 1314 ι
346 1260 430 1314 Sitiait
449 1260 533 1311 uariata
546 1274 601 1311 ntea
619 1254 653 1308 ad
675 1254 756 1308 Deunl
772 1254 879 1307 airum:

87 1350 190 1419 quando
204 1351 311 1413 ueniunt,
323 1358 346 1402 et
358 1347 483 1419 apparebo
494 1355 551 1399 ante
562 1345 652 1415 sacient
662 1341 708 1397 aa
720 1341 804 1413 (Paul.
815 1357 876 1408 xta,

40 1433 44 1439 “
88 1442 134 1501 bl?
150 1440 264 1494 Dicendo
276 1441 363 1505 attint,
379 1439 480 1510 quando
497 1437 614 1491 renunt?
632 1448 721 1488 ntoras
734 1448 763 1487 se
777 1433 878 1503 perpeti

89 1529 200 1584 moleste
213 1529 330 1593 larebat,
344 1530 404 1597 quia
424 1528 504 1582 etiam
524 1525 593 1595 quotl
614 1532 732 1593 tempore
746 1524 878 1577 accelera·

88 1629 141 1687 tur,
157 1620 288 1675 desiderio
301 1621 403 1673 turdum
414 1618 527 1673 ridetur.
537 1614 675 1684 Quomodo
688 1621 776 1667 autern
787 1611 879 1666 tardus

88 1719 129 1765 est
142 1710 199 1779 ejus
213 1710 358 1774 adrentus,
380 1708 421 1762 rel
443 1705 575 1777 quomodo
598 1706 675 1773 longe
697 1701 800 1756 suturas
819 1708 875 1765 cst,

88 1813 148 1854 cum
161 1800 211 1869 ipsi
224 1799 354 1869 Apostoli,
370 1807 488 1866 tempore
498 1811 550 1866 quo
564 1794 651 1848 adbuc
660 1798 736 1846 erant
748 1791 775 1844 in
785 1804 876 1855 carae,

88 1889 217 1955 dixerint,
232 1888 376 1943 Novissima
388 1889 451 1941 hora
462 1897 499 1941 eat
512 1885 534 1955 (l
545 1883 624 1939 laun.
638 1900 669 1951 n,
683 1883 726 1954 ta)
736 1884 747 1936 'l
757 1882 878 1952 quamvis

89 1977 230 2033 nilomino
250 1977 399 2042 audierint,
415 1973 474 2028 Noa
493 1985 530 2029 est
549 1983 658 2027 ιιιιιιιιιι
675 1975 739 2025 seire
753 1980 876 2040 tempora.

89 2065 146 2120 lluc
157 2080 220 2134 ergo
232 2064 385 2119 nesciebant
399 2062 469 2132 quod
491 2062 624 2116 nescimus
638 2070 665 2114 et
677 2075 725 2114 nos
739 2059 877 2129 (quantum

89 2155 122 2207 ad
133 2167 175 2208 me
188 2153 279 2207 attinet
293 2151 363 2216 dico,
377 2162 403 2206 et
413 2164 460 2206 eos
473 2151 517 2219 qui
533 2150 584 2203 boc
602 2163 705 2202 meana
727 2145 876 2218 nesciunt);

88 2251 213 2296 ettamen
232 2242 327 2311 quibus
345 2240 444 2295 dictum
464 2247 522 2302 est,
548 2236 609 2290 Non
631 2246 667 2290 est
686 2246 794 2289 aratrum
814 2237 879 2288 scire

89 2340 211 2401 tenrparu,
224 2345 279 2400 que
293 2340 364 2399 palor
381 2329 462 2396 paruit
474 2328 501 2381 ia
515 2343 562 2381 sua
575 2334 695 2395 potestate
709 2324 775 2396 (Act.
796 2339 815 2389 t,
836 2322 876 2393 Ι),

90 2418 233 2490 diligebant
245 2419 304 2488 ejus
316 2417 555 2474 manifestationem
567 2456 574 2481 ,
590 2424 617 2469 et
629 2414 727 2469 dabant
739 2412 878 2468 consensis

88 2509 144 2565 suis
162 2509 189 2563 in
205 2517 324 2579 tempore
338 2508 453 2571 cibaria,
468 2521 517 2562 nec
529 2504 712 2576 percutiebant
724 2518 772 2558 cos
788 2502 877 2558 domi-

89 2599 176 2655 nando
186 2599 235 2666 eis,
250 2613 300 2654 nec
312 2598 511 2653 luxuriabantur
522 2611 583 2652 carn
597 2595 760 2650 amatoribus
773 2592 875 2659 mundi,

90 2689 218 2755 dioetttes,
233 2688 333 2744 Horaia
345 2689 407 2761 {uait
419 2688 542 2742 Dratinus
556 2701 635 2740 nura.

125 2781 152 2834 2.
172 2781 231 2834 ntia
250 2789 291 2835 est
305 2795 367 2851 ergo
380 2780 528 2850 ignorantia
543 2786 710 2846 temporum,
732 2776 784 2830 alla
805 2776 878 2832 labes

90 2887 194 2927 murum
214 2887 340 2941 amorque
360 2871 493 2924 vitiorum.
508 2867 573 2922 Nam
587 2877 614 2921 ct
626 2867 761 2936 apostolus
779 2864 878 2924 Paulus

90 2961 195 3032 quando
208 2961 323 3027 dicebat,
335 2958 395 3014 Noa
408 2960 457 3012 rita
468 2957 615 3011 arcaeunrini
628 2964 717 3022 aretae,
733 2971 812 3026 neque
826 2956 878 3009 ter·

90 3052 213 3117 aunarii,
230 3052 281 3105 siae
295 3066 339 3121 per
358 3051 458 3103 arrhata
472 3049 523 3101 sire
537 3062 582 3117 per
597 3046 746 3116 aristolam,
759 3056 878 3117 tanquam

91 3144 318 3216 paroemiarum,
332 3141 403 3213 quasi
419 3141 492 3214 instet
506 3138 560 3192 dies
573 3137 675 3191 Donaiui
687 3137 721 3209 (tl
735 3136 821 3193 Thess.
840 3151 876 3203 tt,

89 3236 135 3305 2);
150 3235 255 3289 nolebat
268 3233 359 3301 utique
371 3238 400 3285 ut
411 3230 551 3284 crederent
569 3228 609 3283 eis
628 3227 673 3297 qui
691 3227 746 3297 iarn
769 3229 877 3297 propin-

90 3340 173 3395 quare
195 3322 298 3378 Domini
321 3320 516 3375 arbitrabantur
536 3319 677 3374 adrentum
694 3333 765 3373 :nec
788 3328 878 3375 tamea

91 3413 198 3469 volebat
216 3420 260 3476 ιιι,
282 3418 406 3479 tanquam
427 3422 520 3462 servus
541 3407 596 3473 ille,
616 3407 754 3472 dicerent,
777 3405 878 3461 lloraat

91 3502 153 3574 {acit
173 3500 295 3554 Dominus
308 3514 376 3551 ιιιιιι
389 3497 487 3562 uenire,
499 3504 526 3550 et
538 3495 674 3550 traderent
694 3510 724 3550 se
746 3495 878 3564 superbias

91 3590 254 3658 titaniaque
278 3585 445 3656 perdendos;
459 3585 506 3640 sed
523 3585 562 3639 sic
575 3598 622 3639 eos
641 3584 745 3639 nolebat
763 3585 797 3639 de
815 3600 877 3653 pro-

92 3677 287 3753 pinquantedic
298 3676 441 3733 novissimo
463 3673 534 3730 lalsis
548 3673 697 3729 auscultare
716 3673 877 3740 rumoribus,

92 3781 121 3825 ut
138 3779 227 3825 umen
246 3769 328 3823 vellet
345 3782 391 3822 eos
407 3773 511 3836 paratos
532 3764 673 3819 adrentum
693 3763 796 3817 Domini
817 3763 876 3830 sui,

92 3862 190 3917 lumbis
203 3860 328 3915 accinctis
340 3866 367 3912 ιι
380 3857 496 3912 lucernis
507 3854 660 3909 ardentibus
673 3853 789 3924 opperiri
802 3852 877 3926 (Luc.

93 3969 144 4018 ιιι,
158 3953 203 4020 35,
219 3949 264 4024 56)
275 3967 281 4003 :
293 3949 389 4020 quibus
409 3948 490 4012 dicit,
512 3946 560 4000 l'oa
587 3955 679 4012 autent,
701 3949 802 4019 fratrea,
828 3964 878 4001 aaa

93 4044 152 4097 catis
172 4044 198 4096 ia
213 4041 333 4108 tenebris,
347 4049 374 4092 ιι
389 4055 431 4093 ιιι
452 4037 504 4090 dies
525 4037 568 4090 ille
585 4047 701 4107 tanquam
715 4036 757 4106 sur
769 4053 879 4107 cortrpre·

93 4132 197 4187 laeadat.
215 4131 308 4186 Omnes
324 4129 390 4183 enias
399 4144 441 4182 aaa
451 4125 499 4196 filii
512 4124 574 4180 lueis
587 4126 645 4180 ertia
654 4136 677 4178 et
689 4126 736 4196 ptis
746 4126 796 4180 aiei
804 4142 813 4190 ,·
827 4143 877 4181 ιιι

91 4241 178 4278 aumas
199 4224 278 4277 noctis
298 4237 376 4292 neque
390 4218 545 4274 tenebrarum
559 4217 580 4288 (l
592 4217 680 4271 Thess.
697 4233 723 4283 ιι,
739 4218 767 4283 Ι,
781 4218 818 4289 5).
832 4218 878 4273 lile

93 4324 181 4369 autem
192 4314 236 4383 qui
249 4313 288 4368 sic
299 4311 372 4371 dicit,
389 4309 488 4364 lloranr
502 4309 562 4377 sarit
572 4308 695 4363 Dorrrlnaa
706 4325 774 4363 auus
784 4312 876 4376 aealre,

93 4413 122 4459 ut
135 4404 264 4474 peroratiat
274 4415 417 4457 conservos
426 4415 498 4465 suos,
510 4408 537 4455 et
550 4400 672 4470 epuletur
682 4414 741 4454 cum
753 4401 876 4469 ebriosis,

93 4508 145 4546 non
159 4498 200 4547 est
215 4489 284 4544 lilius
295 4487 371 4552 lucis,
383 4487 429 4543 sed
443 4488 625 4552 tenebrarum:
640 4496 668 4542 et
678 4488 738 4543 ideo
751 4504 812 4544 eum
825 4498 879 4544 tan-

92 4596 171 4653 quam
190 4577 234 4634 lur
246 4578 304 4634 dles
318 4578 361 4633 ille
378 4576 602 4647 comprehendet:
616 4578 685 4647 quod
701 4580 878 4651 atriisquisque

93 4669 261 4728 debetetlam
276 4667 309 4724 de
322 4666 366 4722 die
379 4666 457 4737 liujus
471 4667 531 4721 ritae
549 4681 604 4721 sure
625 4667 768 4723 novissimo
786 4669 878 4725 lonni-

93 4762 166 4817 dare.
183 4759 212 4814 ln
225 4774 277 4829 quo
287 4758 357 4814 enirn
369 4771 499 4828 quemque
509 4757 639 4812 invenerit
648 4772 711 4813 suus
721 4759 879 4816 norissimus

93 4851 167 4921 dies,
185 4848 212 4905 in
234 4848 285 4904 buc
304 4862 366 4903 eum
384 4845 591 4916 consprebondet
610 4845 699 4901 nrnndl
722 4848 879 4904 norissimus

93 4941 168 5007 dies;
179 4939 302 5010 quoniam
313 4936 399 5007 qualis
413 4936 438 4990 in
451 4935 494 4991 die
506 4937 556 4991 isto
568 4935 679 5005 quisque
689 4937 809 5002 moritur,
820 4937 880 4992 talis

94 5033 120 5088 in
135 5031 178 5088 die
191 5026 413 5100 illujudicabitar.

130 5123 157 5177 d.
176 5120 217 5177 hd
237 5120 287 5173 hoc
306 5116 420 5187 pertinet
436 5114 506 5186 quod
528 5114 554 5169 in
576 5114 717 5185 lirangelio
735 5115 880 5171 secundum

96 5213 210 5267 hiarcam
223 5211 259 5264 ita
271 5210 398 5278 scriptum
415 5214 476 5261 est:
493 5203 601 5274 Vigilate
618 5220 686 5276 ergo,
702 5205 761 5277 qaia
782 5207 880 5262 auritis

96 5301 196 5372 quando
207 5300 321 5354 dorniaru
341 5299 429 5352 dantus
445 5297 545 5360 reniret
562 5312 628 5364 tero,
645 5313 678 5351 aa
699 5297 782 5351 media
800 5308 880 5366 ιιιιι,

97 5410 130 5446 aa
142 5389 204 5463 palli
216 5400 307 5455 cantu,
322 5405 355 5442 aa
368 5403 455 5454 neone,
468 5403 500 5441 ne
511 5402 568 5439 eum
580 5387 671 5440 orauit
685 5396 799 5458 ιιριιιιι,
812 5388 881 5443 iata-

98 5485 197 5536 alataoa
207 5478 365 5533 dormientes.
374 5475 448 5541 Quod
455 5483 536 5529 ιιιιιι
544 5475 611 5529 robis
619 5475 686 5544 diro,
695 5476 879 5554 ontaihmdico,

102 5571 208 5639 i'rpilate
215 5564 310 5638 (ariae.
319 5581 374 5630 xttt,
382 5566 425 5629 55,
435 5565 491 5636 37).
499 5564 598 5632 Quibus
606 5566 676 5621 eninr
684 5568 798 5622 otarrt'hat
806 5567 880 5634 diali,

234 5661 348 5723 saner.
369 5660 509 5721 derasa.
525 5659 565 5721 lt.

685 249 921 308 ErlsToLtntllt
940 248 1075 306 cmssts
1094 248 1135 305 tlt

1665 246 1718 308 aa

932 356 982 411 rtisi
993 357 1084 413 electis
1094 369 1121 414 et
1128 358 1231 414 dilectis
1240 360 1294 415 suis
1301 358 1333 414 ad
1340 375 1435 431 eorpus
1443 362 1501 433 ejus
1509 363 1712 432 pertinentibus,

929 445 1002 516 quod
1013 455 1054 502 est
1065 448 1202 505 Ecclesia?
1212 449 1270 506 Non
1285 451 1370 506 solnm
1386 466 1449 521 ergo
1463 453 1513 508 illis
1525 453 1605 521 dixit,
1617 453 1714 521 quibat

931 546 993 591 tunc
1006 538 1173 594 audientibus
1186 538 1354 609 loquebatur;
1367 541 1416 596 sed
1430 543 1509 596 etiam
1528 543 1579 599 illis
1593 542 1639 613 qui
1653 542 1714 598 lue·

930 636 993 682 runt
1002 638 1061 698 post
1075 629 1136 684 illos
1149 639 1211 686 ante
1224 645 1282 698 nos,
1298 632 1368 686 etad
1382 647 1430 687 nos
1445 634 1527 704 ipsos,
1540 642 1567 688 et
1580 634 1624 704 qui
1636 643 1716 690 erunt

929 729 989 788 post
998 736 1047 775 nos
1061 721 1188 790 usquead
1202 723 1260 791 eius
1272 724 1442 779 auarissimurn
1461 725 1613 778 adrentum.
1632 724 1717 779 Num·

929 811 992 880 quid
1001 821 1088 866 antem
1102 827 1194 867 omnes
1204 815 1357 868 inventurus
1370 825 1410 869 est
1420 815 1477 871 dies
1492 818 1534 872 ille
1547 817 1572 871 in
1586 818 1635 871 liae
1648 817 1713 884 rita,

929 911 975 955 ant
995 903 1132 971 quisquam
1155 904 1273 957 dicturus
1294 915 1334 957 est
1352 905 1420 973 quod
1434 906 1466 959 ad
1479 906 1616 962 defunctos
1634 908 1714 963 etiam

930 991 1061 1058 pertineat
1071 990 1141 1060 quoti
1156 993 1207 1057 ait,
1228 992 1348 1062 Vipilate,
1365 1010 1395 1047 aa
1409 1010 1466 1047 cum
1484 1005 1585 1065 repente
1602 998 1714 1066 uenerit,

929 1078 1038 1131 inueniat
1061 1094 1104 1133 aas
1119 1080 1287 1135 doratieateal
1304 1080 1358 1135 Cur
1381 1083 1469 1152 itaque
1490 1084 1612 1140 erunibus
1632 1085 1713 1150 dicit,

929 1167 999 1237 quoti
1012 1168 1045 1222 ad
1058 1184 1104 1224 cos
1116 1169 1187 1225 solos
1202 1172 1331 1240 pertineat
1348 1172 1393 1240 qui
1411 1180 1472 1227 tunc
1488 1183 1580 1240 erunt,
1595 1174 1643 1228 nisi
1654 1175 1713 1244 quia

929 1273 962 1313 eo
982 1258 1061 1313 modo
1081 1259 1115 1313 ad
1136 1274 1228 1314 ornnes
1248 1261 1375 1330 pertinet,
1398 1262 1531 1331 quomodo
1550 1262 1620 1317 diiii
1640 1263 1716 1317 Tarte

930 1347 1001 1401 enim
1015 1347 1155 1417 unicuique
1170 1349 1258 1404 reniet
1281 1349 1337 1405 dies
1357 1350 1417 1416 illo,
1432 1365 1492 1405 euin
1506 1353 1607 1406 uenerit
1620 1353 1645 1406 ei
1658 1354 1715 1407 dies

930 1451 959 1491 ut
971 1439 1029 1492 tali<
1043 1440 1102 1494 hinc
1115 1450 1209 1505 exuti,
1222 1441 1306 1510 quatis
1318 1440 1475 1508 judicandus
1489 1450 1529 1495 est
1546 1441 1590 1495 illo
1611 1441 1663 1495 die.
1676 1442 1716 1497 ilc

930 1544 977 1597 per
991 1530 1039 1583 ltoc
1054 1530 1160 1598 uigilare
1175 1532 1252 1585 debet
1264 1532 1350 1585 otonis
1362 1533 1534 1598 christianus,
1550 1550 1582 1587 nc
1599 1533 1714 1603 impura·

931 1626 985 1670 turn
999 1616 1186 1673 ins-eniateum
1198 1619 1299 1673 bamini
1309 1619 1447 1673 adrentus.
1459 1619 1616 1688 lmparatutn
1626 1631 1715 1676 autem

930 1704 1044 1760 irrrcnict
1055 1706 1098 1761 ille
1111 1706 1179 1772 dies,
1189 1722 1267 1775 iguem
1282 1707 1438 1775 imparatum
1449 1708 1577 1762 invenerit
1590 1724 1644 1764 sum
1654 1712 1715 1764 ritae

930 1792 1008 1862 hujus
1017 1794 1123 1850 ultimas
1132 1793 1198 1850 dies.
1210 1791 1366 1851 Certeeniru
1377 1795 1428 1850 hnc
1440 1797 1532 1849 saltem
1548 1797 1717 1852 ritarrilestnrn

929 1889 986 1935 erat
1006 1882 1156 1952 apostolis,
1170 1899 1222 1940 non
1236 1900 1327 1941 eorum
1349 1884 1527 1956 ternpuribus,
1543 1898 1605 1944 cunt
1623 1884 1666 1939 hic
1688 1885 1716 1939 in

929 1986 1009 2027 carne
1023 1973 1155 2040 sinerent,
1172 1975 1311 2031 bantinum
1332 1991 1391 2032 esse
1411 1987 1548 2033 vernarum
1563 1989 1609 2035 :ct
1628 1989 1716 2036 minen

928 2061 989 2129 quis
1006 2060 1109 2117 dubitet
1127 2078 1174 2119 eos
1193 2065 1324 2134 precipue
1337 2064 1460 2135 vigilasse
1471 2075 1498 2120 et
1511 2083 1632 2124 servasse
1645 2070 1716 2139 qnod

929 2149 1138 2216 oarrtibusdixit,
1148 2167 1180 2207 ne
1190 2153 1716 2223 imparatosreponterenieirsinaeniretl

964 2237 1076 2294 catur
1095 2239 1209 2295 tt.-t.
1232 2240 1354 2296 Nondum
1375 2256 1440 2297 sane
1460 2243 1577 2314 intelligo
1598 2261 1716 2315 quonam

930 2326 1009 2381 morlo
1023 2329 1108 2398 accipi
1120 2329 1214 2385 debeat
1236 2331 1306 2399 quod
1322 2331 1427 2400 scripsit
1445 2332 1575 2388 Sarretitas
1587 2343 1641 2402 tua,
1656 2352 1718 2404 pro·

930 2424 1019 2484 pterea
1041 2415 1141 2475 dixisse
1165 2418 1305 2475 Dominum
1322 2419 1473 2488 apostolis,
1490 2420 1548 2475 Noa
1562 2432 1596 2476 ιιι
1610 2434 1717 2480 ιιιιιιιι

930 2522 1002 2562 noue
1014 2517 1125 2578 tentpora
1138 2508 1176 2563 ael
1188 2519 1323 2576 momenta,
1344 2526 1401 2580 que
1423 2510 1501 2567 Pater
1519 2514 1603 2582 posuit
1625 2515 1652 2568 ia
1671 2531 1718 2571 aaa

930 2604 1067 2663 potestate,·
1080 2596 1204 2667 quoniam
1217 2606 1323 2653 secutus
1336 2598 1470 2667 adjunxit,
1491 2601 1544 2655 Sed
1564 2602 1633 2656 esitii
1654 2604 1717 2659 aiihi

929 2693 1002 2738 testes
1016 2686 1043 2739 in
1053 2685 1203 2754 Jerusalem,
1215 2698 1238 2742 et
1246 2688 1273 2742 ia
1282 2688 1385 2757 larua,
1396 2700 1418 2744 et
1428 2691 1454 2746 in
1465 2691 1594 2759 Samaria,
1608 2705 1630 2749 et
1640 2712 1719 2767 usque

929 2774 964 2827 ad
977 2775 1092 2829 ultimum
1105 2785 1179 2831 terra
1193 2776 1261 2848 (Act.
1272 2793 1291 2844 ι,
1302 2779 1328 2844 t,
1340 2779 1379 2849 8).
1400 2780 1482 2844 Quem
1496 2780 1641 2852 Scriptura·
1655 2800 1718 2840 sert·

929 2877 989 2917 sum
1005 2863 1044 2917 sic
1057 2866 1184 2934 exponis,
1200 2874 1227 2918 ut
1241 2864 1332 2920 dicas:
1349 2865 1410 2920 Non
1424 2885 1484 2940 erpa
1498 2871 1631 2942 Apostolos
1645 2881 1718 2930 testes

930 2954 1149 3010 consummationis
1161 2956 1259 3021 arandi,
1268 2956 1312 3011 ted
1322 2958 1430 3017 nonanis
1437 2968 1461 3012 et
1470 2963 1657 3018 resurrectionis
1665 2979 1719 3020 ιιι

929 3040 1006 3097 noluit
1026 3043 1141 3115 intelligi.
1160 3043 1218 3099 lion
1237 3045 1341 3115 quidem
1356 3046 1400 3102 ille
1413 3048 1459 3116 ait,
1470 3048 1528 3105 lion
1545 3059 1586 3106 cst
1601 3060 1716 3109 restrum

929 3131 1073 3200 praedicare
1084 3142 1218 3204 tenrpora;
1229 3133 1287 3199 sed,
1297 3132 1357 3190 Noa
1368 3144 1599 3193 ertaestraranosre
1609 3154 1717 3196 :rerum

929 3222 951 3275 si
963 3222 999 3276 ita
1012 3223 1052 3279 ris
1064 3222 1173 3292 intelligi
1187 3223 1257 3293 quod
1272 3226 1318 3291 ait,
1329 3223 1390 3280 Noa
1401 3235 1437 3279 est
1449 3236 1556 3281 oestrum
1565 3229 1638 3295 aare,
1650 3232 1716 3289 acsi

929 3310 1049 3376 diceret,
1078 3312 1135 3366 Non
1160 3321 1202 3368 est
1226 3322 1343 3371 restrum
1364 3314 1480 3372 scieittes
1502 3317 1600 3387 lacere,
1616 3319 1641 3375 ta
1656 3329 1715 3386 est,

929 3417 983 3456 non
999 3410 1040 3456 est
1060 3411 1177 3456 restrum
1198 3402 1248 3459 hoc
1267 3403 1380 3469 docere;
1401 3407 1460 3474 quis
1480 3414 1598 3464 nostrum
1618 3409 1716 3467 docere

929 3495 1024 3549 audeat
1033 3535 1040 3558 ,
1050 3494 1090 3549 rel
1103 3509 1132 3549 se
1144 3495 1211 3549 sciro
1226 3506 1366 3564 presumat
1377 3499 1447 3566 qued
1457 3499 1526 3554 Deus
1537 3500 1580 3555 ille
1592 3502 1716 3571 aragister

930 3600 979 3638 nec
991 3599 1038 3638 eas
1049 3584 1194 3654 discipulos
1207 3585 1306 3652 docuit,
1317 3603 1332 3641 a
1343 3589 1438 3659 quibus
1448 3591 1625 3660 presentibus
1638 3594 1717 3650 iuter·

930 3684 1036 3743 rogatus
1050 3685 1090 3729 est
1105 3690 1230 3745 praesens,
1242 3693 1291 3732 nec
1304 3678 1340 3732 illi
1356 3686 1408 3733 tant
1422 3683 1505 3737 sancti
1517 3683 1656 3755 magnique
1666 3685 1716 3740 do-

929 3778 1016 3820 ctores
1029 3767 1175 3821 Ecclesiam
1186 3769 1282 3822 docere
1296 3772 1454 3837 potuerunt?

965 3857 991 3911 ὅ.
1012 3856 1053 3910 An
1067 3854 1278 3925 respondebitur,
1294 3858 1351 3914 hac
1365 3875 1416 3913 non
1429 3860 1551 3917 docuisse
1562 3862 1714 3933 apostotos,

929 3946 976 4001 sed
991 3946 1155 4018 Prophetas?
1169 3947 1223 4002 lloc
1234 3948 1305 4001 eninr
1318 3948 1392 4015 aisti,
1413 3957 1440 4004 et
1459 3965 1550 4006 rerum
1569 3962 1625 4021 est,
1645 3954 1713 4024 quod

929 4053 960 4092 ea
979 4055 1034 4111 quaa
1050 4040 1136 4108 {utura
1155 4048 1226 4103 aunt,
1248 4048 1391 4094 sanctorum
1413 4040 1597 4112 Prophetarum
1616 4044 1715 4099 uanius

929 4137 1126 4199 conterremur,-
1137 4129 1179 4199 qai
1190 4129 1335 4199 priusquam
1348 4129 1443 4197 piarent,
1458 4131 1553 4202 inquis,
1564 4148 1593 4187 eu
1605 4150 1661 4203 quar
1672 4135 1702 4201 [ι

929 4230 985 4269 rura
997 4226 1082 4281 erant,
1093 4216 1219 4272 uoluntate
1230 4216 1315 4270 diuina
1327 4216 1468 4272 hominihus
1483 4230 1541 4274 sant
1560 4222 1646 4275 locuti.
1659 4221 1713 4277 Sed

929 4307 951 4360 si
960 4307 1077 4361 venratio
1086 4308 1198 4360 maratis
1211 4307 1376 4361 adarrlratioae
1388 4306 1490 4378 plenam
1503 4324 1556 4363 erae
1567 4310 1636 4376 dicit,
1651 4311 1674 4365 ι’
1686 4329 1716 4367 ιι

929 4393 998 4449 Deus
1005 4410 1060 4466 ιιι
1067 4396 1263 4464 pradieiaoiait,
1273 4396 1307 4450 ad
1318 4396 1446 4452 homiuum
1457 4414 1545 4454 reatui
1559 4401 1657 4471 penitus
1665 4416 1715 4457 troa

930 4502 1003 4556 posse
1015 4487 1293 4556 praestruerentur:
1305 4497 1404 4558 quanto
1423 4489 1522 4559 majore
1542 4491 1713 4548 atlntirationr

930 4576 1122 4646 plenamest,si
1135 4591 1165 4631 ea
1178 4577 1380 4647 quaeProplretre
1395 4578 1612 4635 horninibnssant
1625 4582 1712 4647 locuti,

930 4665 1111 4736 becapostoli
1120 4667 1161 4721 rel
1174 4667 1242 4721 seire
1255 4676 1316 4722 sunt
1326 4667 1450 4737 prohibiti
1460 4670 1500 4724 rel
1518 4670 1628 4727 doecre!
1643 4671 1717 4739 Qua

931 4757 1009 4813 modo
1019 4765 1108 4813 autem
1120 4757 1258 4826 Prophetas
1271 4760 1329 4822 ista,
1337 4759 1371 4813 de
1383 4759 1479 4828 quibus
1492 4761 1585 4829 agitur,
1597 4769 1714 4830 tempora

930 4845 1071 4912 docentes,
1086 4860 1138 4899 non
1152 4846 1360 4915 intelligerentur
1369 4846 1403 4901 ab
1414 4847 1562 4915 apostolis,
1580 4849 1603 4903 si
1617 4849 1715 4904 intolli-

930 4941 1051 5004 guntura
1061 4933 1153 4989 nobis?
1164 4943 1208 4988 aut
1218 4934 1240 4990 si
1250 4947 1297 4989 eos
1307 4935 1715 5004 aposutttnteltexerunt,tsran

932 5036 1081 5078 mensurans
1097 5023 1221 5092 temporis
1239 5023 1443 5094 prophetantem
1456 5026 1590 5096 quomodo
1602 5040 1655 5083 uon
1666 5026 1716 5084 do·

931 5120 1022 5168 cerent
1034 5111 1103 5182 qnod
1117 5113 1315 5179 intellexerunt,
1328 5113 1493 5185 quandoper
1506 5130 1597 5172 corum
1613 5129 1716 5185 praco-

932 5205 1004 5257 nium
1017 5209 1044 5257 et
1058 5202 1105 5270 ipsi
1118 5202 1254 5272 Propheta
1268 5204 1476 5272 innotesoebant,
1491 5204 1536 5276 qui
1547 5219 1594 5261 eos
1604 5205 1661 5262 suis
1670 5205 1714 5262 bi·

932 5292 987 5347 bris
1006 5291 1054 5346 ista
1080 5291 1244 5347 decuerunt?
1261 5293 1294 5348 l't
1315 5293 1375 5349 ideo
1394 5308 1442 5364 per
1461 5309 1527 5364 quat
1548 5294 1662 5351 Litteras
1682 5309 1713 5351 οι

933 5381 982 5450 ipsi
1000 5379 1161 5445 didicerant,
1178 5396 1226 5451 per
1243 5382 1349 5438 easdem
1364 5392 1486 5453 poteraut
1502 5384 1546 5440 alii
1567 5399 1672 5454 quoque
1687 5383 1714 5440 ir.

933 5470 974 5526 bis
985 5469 1106 5542 gentibus
1118 5470 1235 5537 discere,
1248 5472 1274 5527 in
1286 5472 1381 5543 quibus
1392 5473 1510 5543 Apostoli
1531 5473 1715 5530 anctoritatem

934 5566 1113 5638 propheticam
1126 5566 1354 5622 commendabant.
1363 5568 1416 5622 Cur
1425 5583 1488 5638 ergo
1500 5567 1539 5623 eis
1551 5566 1649 5623 dietum
1662 5575 1712 5637 est,

1357 5656 1597 5737 (hinet-neum
