3906 6390
214 254 268 312 sta

218 374 303 448 magis
325 371 479 431 domesticis
501 369 726 441 disputationibus
749 366 934 438 requirebant,
964 365 1006 423 rel

217 470 297 526 etiam
311 467 508 531 describebant,
517 477 596 534 quatu
608 460 721 532 publicis
730 459 878 515 actionibus
888 459 1007 514 institue·

218 559 283 613 barn
294 565 378 626 atque
385 555 544 619 formabant,
554 553 675 624 egregios
684 560 764 621 atque
774 549 930 616 laudabiles,
939 564 1008 620 quos

219 649 347 721 putabant
360 647 493 710 bornines,
508 645 598 715 potiris
614 658 694 714 quam
709 642 775 697 deos
787 656 851 697 suos
865 641 1008 696 imitandos

218 743 403 813 proponebant
425 738 578 795 erudiendo
600 733 684 793 irrrloti
695 736 852 807 inventutis.
868 735 901 792 Et
915 751 1008 792 rcrcra

218 830 395 888 Terentianus
407 831 452 887 illc
461 828 627 892 adolescens,
640 827 684 896 qni
700 834 825 895 spectans
838 824 954 881 tabularu
969 825 1010 896 pi·

218 925 289 969 etam
306 914 331 968 in
340 914 459 985 pariete,
473 913 516 968 ubl
530 913 633 983 pictura
645 913 730 968 inerat
742 911 775 970 tie
789 911 919 967 adulterio
936 910 1005 979 rogis

219 1006 350 1071 deorum,
366 1005 502 1059 libidinem
516 1019 567 1075 qua
591 1004 762 1074 rapiebatur,
786 1003 899 1057 stimulis
926 1001 1004 1056 etiam

219 1106 302 1151 tantm
315 1096 479 1153 arroteritatis
491 1094 611 1150 accondit
621 1093 671 1166 (ιι).
683 1093 872 1148 nullomodein
884 1091 947 1145 iilud
958 1090 1006 1144 lia-

219 1186 310 1255 gitiuro
330 1184 586 1254 releonenpiscendo
606 1185 756 1245 laberetur,
774 1183 815 1237 rel
829 1182 1005 1254 perpetrando

219 1275 432 1346 irrrtnergeretur,
447 1278 470 1331 si
483 1277 609 1331 Catonern
618 1277 754 1330 maluisset
764 1274 859 1329 inuitari
870 1290 947 1344 quarn
960 1273 1005 1329 lo-

219 1381 294 1421 reto:
307 1366 353 1421 sed
364 1383 416 1437 quo
428 1377 505 1439 pacto
519 1368 544 1421 id
557 1368 664 1431 laceret,
679 1382 738 1422 euru
752 1365 1005 1435 internpiisadorare

219 1467 358 1526 cogeretur
370 1459 461 1512 iorem
471 1459 640 1528 potiusquam
648 1457 773 1514 Catonem
782 1455 897 1512 ilerum
905 1455 1004 1512 bareca

217 1547 455 1618 eomoediaquibus
461 1548 684 1618 impiorumluxus
691 1547 848 1618 etsaerilega
854 1548 1004 1618 superstitio

219 1637 437 1703 ertnrineerctur,
455 1637 571 1705 prolerre
585 1636 693 1692 forsitan
707 1653 760 1692 uon
780 1637 919 1693 debemus.
934 1637 1004 1708 Lege

218 1710 261 1781 rei
271 1727 357 1781 recole
370 1727 396 1780 in
407 1727 505 1781 eisdem
520 1728 594 1782 libris
603 1744 681 1798 qnarn
693 1727 837 1798 prudenter
845 1729 1001 1795 disseratur,

218 1815 291 1873 rutto
306 1817 384 1870 niodo
398 1817 516 1887 potuisse
528 1819 685 1887 scriptiones
697 1827 725 1875 et
737 1819 855 1874 actiones
864 1817 946 1889 recipi
959 1833 1004 1874 co-

219 1907 385 1967 mediarum.
399 1907 451 1961 nisi
461 1922 549 1962 mores
559 1908 741 1978 recipientium
755 1916 952 1965 consonarent:
968 1908 1003 1963 ita

216 1996 423 2052 clarissimorum
437 1998 552 2053 virorum
564 1999 588 2053 iu
611 1999 743 2069 republica
755 1998 960 2065 excellentium,
976 2009 1004 2055 et

215 2086 250 2141 de
271 2088 404 2154 republica
426 2087 616 2157 disputantium
635 2089 792 2143 auctoritate
807 2088 938 2155 firmatur,
954 2105 1002 2144 ne·

215 2177 356 2249 quiasinros
375 2180 495 2236 lromines
522 2179 579 2238 lteri
598 2180 707 2236 deorum
720 2181 865 2237 inritatione
878 2181 1002 2252 peiores,

216 2282 270 2327 ttert
285 2264 350 2327 sanc
365 2286 499 2337 verorum,
515 2272 562 2327 sed
575 2272 702 2328 inlsorum
716 2281 796 2344 atque
807 2272 938 2329 datorum.

251 2361 279 2416 5.
295 2363 329 2414 nt
341 2362 412 2415 eninr
433 2362 476 2416 iila
491 2365 579 2418 outnia
598 2379 658 2434 quac
669 2364 813 2436 antiquitus
823 2362 858 2420 de
870 2364 922 2419 rita
935 2363 1001 2419 deo·

216 2466 276 2506 rtttn
291 2453 460 2523 moribusque
473 2457 620 2526 conscripta
628 2466 698 2521 sunt,
711 2459 787 2527 longe
800 2457 878 2514 aliter
889 2466 951 2514 srtnt
961 2457 1002 2512 in·

218 2539 356 2609 telligeuda
369 2551 448 2610 atquc
461 2544 656 2614 interpretanda
669 2546 841 2617 sapientibus.
854 2546 890 2602 lta
900 2562 964 2604 rero
973 2548 1000 2603 in

216 2631 323 2700 templis
338 2633 440 2702 populis
462 2638 626 2705 congregatis
637 2637 743 2693 recitari
759 2638 943 2710 itrrjuscernodi
956 2655 1000 2697 sa·

214 2718 305 2779 lubres
329 2722 558 2792 interpretationes
574 2725 630 2782 lteri
644 2736 672 2783 ct
694 2729 881 2786 nudiustertius
898 2732 1000 2789 audiri·

216 2827 286 2868 trrrrs.
301 2813 397 2880 Qrtaeso
411 2825 455 2882 te,
471 2816 569 2872 siccine
585 2832 685 2874 cacum
705 2828 747 2875 est
761 2819 904 2877 itomanam
917 2837 1000 2894 genus

215 2904 342 2960 adsersus
362 2907 498 2962 veritatem
511 2948 518 2971 ,
533 2916 563 2962 ut
575 2921 627 2964 tarn
642 2919 732 2980 aperta
745 2919 772 2968 et
795 2913 932 2968 manifesta
946 2931 998 2969 non

214 2996 327 3059 sentiat?
341 2996 390 3051 Tot
405 2997 471 3052 loeis
481 2999 614 3069 pingitur,
628 2999 763 3069 inteditur,
780 3003 908 3071 tunditur,
923 3007 998 3061 scul-

215 3086 295 3154 pitur,
310 3087 443 3155 scribitur,
459 3088 563 3161 legitur,
577 3093 673 3162 agitur,
682 3103 811 3161 cantatur,
824 3096 936 3152 saltatur
947 3097 995 3154 lu·

214 3174 301 3242 pilea,
316 3176 444 3232 adulteria
469 3189 539 3234 tanta
554 3183 738 3248 committerem
754 3193 880 3255 quantum
899 3197 957 3243 erat
971 3198 999 3243 ut

213 3264 240 3318 in
254 3280 302 3320 sno
312 3268 405 3322 saitem
420 3269 549 3338 Capitolio
559 3272 606 3327 ista
622 3272 998 3346 prolribeuslegereturiiiaec

210 3357 280 3414 mala
296 3359 432 3417 dedecoris
451 3363 646 3436 impietatisque
661 3367 830 3437 plenissima,
846 3370 870 3426 si
892 3373 997 3431 nemine

210 3449 366 3518 prniribentc
381 3454 406 3507 in
421 3456 524 3523 populis
536 3456 663 3521 terreant,
677 3457 822 3516 adorentur
835 3462 862 3516 ιιι
876 3464 993 3534 templis,

211 3538 349 3595 rideantur
362 3542 388 3596 in
397 3543 519 3611 theatris,
533 3560 594 3599 eum
610 3547 650 3601 iris
665 3548 783 3605 rictimas
797 3550 935 3608 immolant
948 3570 995 3609 ra-

211 3636 296 3682 stetur
322 3644 403 3699 pecus
421 3632 500 3689 otiam
525 3650 677 3704 pauperum,
701 3654 761 3693 cnm
781 3639 838 3695 brec
854 3641 996 3700 histriones

209 3728 290 3786 agunt
302 3728 329 3773 et
341 3719 438 3775 saltant
448 3721 615 3779 effundantur
625 3728 781 3795 patrimonia
796 3730 952 3795 ιιιιιιιιιιι,
928 3735 995 3788 ctri·

213 3813 280 3859 tates
306 3806 401 3863 ilororc
425 3810 570 3866 dicuntur?
594 3813 694 3869 ilerum
719 3818 796 3886 plarm
827 3819 921 3876 dorum
940 3838 994 3878 non

213 3902 282 3949 terra
298 3895 403 3963 lertilis,
419 3915 471 3954 nrm
483 3901 569 3971 aliqua
580 3904 692 3972 opulens
706 3909 809 3973 virtus,
825 3912 873 3966 sed
887 3913 930 3967 illa
945 3914 994 3970 dea

211 3983 290 4040 Flora
304 3985 382 4056 digna
396 3999 481 4045 rnater
493 3992 598 4047 inventa
611 4003 662 4058 est.
674 3998 749 4066 cnjus
766 3999 818 4054 ludi
831 4003 927 4056 sectriei
941 4013 993 4059 tarn

210 4074 374 4152 effusioreet
387 4079 524 4136 licentiore
537 4084 697 4154 turpitudine
710 4087 887 4158 celebrantur,
902 4095 995 4165 atqui-

210 4165 251 4221 ιιι
264 4166 394 4239 intelligat
406 4171 483 4241 quale
496 4171 654 4229 daemonium
664 4176 708 4242 sit,
723 4178 793 4247 quod
809 4180 906 4250 placari
917 4185 994 4240 aliter

206 4271 260 4313 non
280 4267 376 4328 potest,
391 4260 441 4314 nisi
457 4261 510 4317 iilic
520 4278 573 4319 non
584 4278 719 4331 arcs‚uon
730 4268 924 4341 quadrupedes,
939 4289 991 4330 non

210 4345 325 4417 deniqne
338 4351 445 4418 sanguis
456 4349 596 4418 burnanus,
608 4354 653 4409 sed
664 4356 748 4411 multo
756 4359 894 4417 scelestius
907 4363 993 4434 pudor

209 4436 342 4493 bumanus
357 4449 479 4509 tauquam
500 4442 650 4501 immolatus
663 4446 784 4504 intereat.

227 4529 267 4600 tl.
290 4530 351 4586 liare
365 4531 418 4585 dixi
436 4537 626 4605 propterquod
645 4538 790 4608 scripsisti,
803 4553 930 4613 quantum
944 4547 990 4603 tibi

205 4630 272 4675 atas
284 4619 328 4675 tini
343 4623 461 4690 proxima
481 4634 534 4690 cst,
549 4642 645 4696 erpere
659 4637 685 4684 te
699 4638 726 4685 ut
739 4633 849 4699 patriam
863 4643 934 4690 tuam
948 4638 990 4693 in·

205 4710 337 4766 columem
350 4728 382 4768 ac
393 4713 531 4771 florentem
542 4718 683 4789 relinquas.
692 4719 831 4778 Tollantur
845 4725 889 4779 illa
898 4728 989 4783 emnia

201 4815 271 4857 sarta
287 4811 313 4858 et
327 4803 434 4870 irisann,
448 4817 635 4864 convertantur
647 4810 769 4870 bornioes
783 4815 816 4870 ad
835 4831 927 4872 rerum
942 4819 987 4876 liri

203 4891 304 4946 cttltum
327 4909 465 4964 ntnresquo
485 4907 573 4955 castos
585 4908 611 4955 et
625 4902 698 4972 pios,
715 4913 777 4961 tunc
790 4909 900 4976 patriam
916 4920 987 4966 tuam

201 4978 344 5039 docentem
358 4985 473 5053 ridebis,
485 5005 537 5044 nou
553 4992 675 5060 opinione
688 4997 838 5062 stultorum,
852 4999 899 5054 sed
914 5003 985 5056 reri-

204 5078 256 5128 tate
270 5075 442 5144 sapientiunr;
458 5091 518 5134 eum
531 5078 588 5136 itare
607 5083 690 5151 patria
709 5088 822 5143 earrtalis
839 5093 987 5159 generatio·

201 5177 244 5216 rus
261 5173 310 5216 tna
314 5168 425 5234 ,portio
438 5166 518 5224 luerit
540 5170 608 5227 iilius
623 5175 725 5243 pariae,
739 5179 781 5232 cui
796 5195 847 5234 ιιιιιι
861 5195 984 5251 corpore,

202 5254 250 5306 ted
264 5253 314 5309 ttdo
325 5258 468 5324 nascimur,
483 5260 525 5317 ubi
535 5279 628 5320 omnes
637 5267 720 5321 saneti
732 5269 859 5326 etssrieirs
869 5273 915 5329 Dei
926 5286 986 5343 post

205 5338 312 5399 labrares
326 5346 396 5403 reiut
408 5348 537 5408 biennales
549 5353 609 5409 rita
622 5355 730 5425 liujus,
723 5360 863 5414 intermina
876 5366 984 5420 artemi·

202 5438 257 5488 tate
269 5432 410 5493 florebunt.
422 5440 521 5497 Nobis'
515 5445 682 5513 utaquecnrdi
697 5457 746 5515 est,
763 5466 849 5523 neque
860 5452 983 5510 christia

226 5584 264 5650 (a)
272 5593 297 5639 tn
307 5591 428 5653 madro,
437 5602 485 5646 set.
498 5595 523 5657 ὅ,
534 5610 601 5649 seen.
613 5600 636 5650 b.

834 253 863 310 S.
884 246 1064 310 adedsttxt
1083 249 1233 307 srtscot‘t

1059 376 1122 418 mrnr
1145 365 1271 419 artrittere
1291 368 1540 439 mansuetudinem,
1559 386 1646 445 neque
1667 373 1847 445 perniciosum

1060 454 1164 510 suteris
1178 454 1334 512 imitationis
1355 460 1506 530 exemplum
1526 461 1552 517 in
1567 462 1611 517 illa
1631 464 1737 522 civitate
1761 467 1847 522 relin-

1059 557 1150 611 quere.
1165 544 1307 609 Quomodo
1315 546 1340 602 id
1353 563 1480 618 aganurs,
1496 550 1582 607 aderit
1596 553 1682 622 Deus,
1704 556 1727 611 si
1738 556 1778 612 eis
1791 573 1852 614 nora

1059 634 1094 687 ita
1107 636 1222 703 grai-iter
1233 635 1390 707 indignetur.
1402 640 1526 709 Alioquin
1540 651 1568 696 et
1578 645 1852 718 mansuetudoquaru

1058 736 1166 777 serrare
1177 725 1308 793 etrpirntts,
1322 736 1349 782 et
1361 727 1563 801 disciplinaque
1578 735 1620 788 uti
1635 735 1771 791 moderate
1784 738 1847 794 uiti·

1058 827 1137 881 nrur,
1152 814 1271 884 impediri
1286 827 1383 888 potest,
1394 820 1417 874 si
1433 822 1487 877 lieo
1500 823 1574 877 aliud
1585 824 1612 878 iu
1627 827 1732 880 occulto
1745 827 1844 897 placet,

1058 900 1114 956 sire
1124 903 1254 971 indicanti
1263 905 1314 961 boe
1327 917 1427 964 tautum
1442 911 1539 968 maium
1554 912 1658 984 flagello
1668 916 1771 971 acriore
1785 919 1846 988 ple·

1057 992 1193 1060 ctendum,
1207 994 1263 1050 sire
1276 997 1360 1059 ctiam
1376 999 1587 1056 venementius
1581 1005 1724 1071 irascenti,
1745 1007 1768 1060 si
1789 1024 1845 1063 non

1057 1085 1183 1138 correctis
1194 1100 1245 1141 nec
1257 1085 1290 1139 ad
1304 1102 1333 1141 se
1343 1091 1490 1158 conversis,
1503 1091 1534 1146 nd
1546 1100 1650 1164 tempus
1661 1109 1721 1150 esse
1730 1097 1845 1154 voluerit

1057 1170 1226 1240 irripunitnm.

1091 1262 1118 1316 'l.
1132 1262 1282 1321 Pneseribit
1296 1267 1372 1322 nobis
1383 1269 1579 1339 quodammodo
1592 1274 1731 1343 prudentia
1745 1285 1790 1332 tna
1804 1279 1842 1334 da

1056 1365 1168 1421 perstrna
1180 1355 1333 1427 episcopali,
1343 1366 1370 1414 rt
1381 1359 1447 1416 dieis
1457 1363 1569 1433 patriam
1579 1373 1650 1418 tuam
1664 1381 1715 1421 non
1728 1367 1779 1423 leri
1790 1383 1842 1439 po-

1056 1442 1110 1511 pnli
1125 1445 1164 1499 sui
1183 1454 1272 1501 errato
1283 1449 1431 1521 prolapsam
1454 1469 1461 1508 ι
1477 1454 1546 1522 qnod
1560 1455 1667 1524 quidem
1679 1457 1702 1512 si
1712 1458 1780 1527 juris
1795 1476 1844 1530 pu·

1056 1532 1117 1588 bilei
1132 1535 1219 1605 rigore
1229 1542 1378 1609 metiamur,
1388 1542 1468 1598 debet
1483 1547 1559 1615 plecti
1568 1549 1702 1605 seueriore
1711 1566 1842 1615 censura:

1057 1621 1108 1677 Seri
1121 1625 1275 1698 episcopam,
1290 1629 1385 1700 inquis,
1402 1634 1441 1703 [nt
1451 1651 1500 1688 non
1514 1645 1549 1689 est
1559 1638 1607 1690 rtiai
1617 1638 1721 1694 saturem
1733 1642 1844 1698 ironrini·

1055 1713 1101 1769 irus
1113 1717 1248 1788 impertire,
1260 1729 1283 1776 ct
1294 1739 1340 1793 pre
1351 1735 1418 1779 statar
1427 1728 1528 1782 meliore
1534 1731 1617 1784 crusis
1628 1730 1723 1797 adase,
1736 1743 1759 1788 et
1771 1739 1843 1806 nord

1055 1807 1250 1878 omnipotentens
1269 1811 1352 1867 Benna
1371 1817 1467 1870 nntium
1490 1819 1598 1874 alienant
1622 1823 1710 1876 trienni
1730 1824 1840 1881 delictis.

1054 1893 1111 1952 iloe
1123 1899 1237 1955 ‹rrrruino
1251 1916 1358 1959 serrare
1371 1919 1519 1971 satiamur,
1535 1917 1568 1965 ut
1583 1912 1715 1967 sereniore
1727 1928 1841 1970 censum

1055 2006 1134 2046 nemo
1147 1993 1285 2063 plectatur,
1299 2013 1385 2067 nequo
1397 2000 1508 2065 anobis,
1523 2017 1609 2071 neque
1620 2004 1713 2060 abaiio
1727 2006 1841 2064 ulloin·

1055 2079 1250 2140 incedentibus
1270 2086 1362 2153 uoltis,
1376 2097 1404 2144 et
1417 2089 1527 2146 salutem
1551 2091 1702 2149 bominibus
1716 2096 1841 2167 cupimus

1055 2167 1189 2239 impertire
1200 2212 1208 2238 ‚
1221 2187 1280 2243 qum
1295 2176 1380 2245 posita
1393 2187 1436 2232 est
1448 2179 1475 2232 in
1490 2190 1562 2236 reete
1574 2181 1678 2237 rirendi
1691 2183 1840 2252 [elicitate.

1053 2272 1106 2314 noo
1120 2258 1147 2315 in
1160 2262 1229 2318 male
1242 2261 1354 2320 ludendi
1367 2269 1518 2324 seettritrte.
1536 2270 1643 2326 vertiam
1656 2289 1762 2345 quoque
1781 2292 1836 2333 non

1053 2357 1154 2407 tautttut
1178 2355 1276 2409 nostris
1288 2371 1402 2420 ,seretti
1417 2369 1445 2413 ot
1457 2360 1570 2419 aliorum
1585 2364 1715 2421 instamus
1733 2366 1841 2427 delictis

1052 2441 1160 2504 mereri.
1173 2443 1243 2514 quod
1257 2446 1399 2516 impetrare
1412 2450 1461 2503 nisi
1475 2465 1522 2520 pro
1532 2455 1848 2514 rorrectisomninonon.

1051 2544 1202 2600 possrnuus.
1222 2533 1349 2605 adjungis
1364 2538 1443 2594 etiarn
1458 2549 1484 2596 et
1506 2541 1572 2597 dieis
1587 2559 1594 2596 ι
1609 2543 1710 2609 Quanta
1734 2564 1840 2618 possam

1051 2622 1234 2692 supplicatione
1251 2625 1379 2698 deposco,
1404 2638 1431 2682 ιιι
1452 2631 1474 2684 ιι
1497 2630 1655 2703 descendendo
1676 2653 1716 2691 res
1737 2647 1785 2706 est,
1797 2641 1839 2696 ιιι-

1051 2717 1140 2769 norim
1151 2715 1315 2787 deferrentur,
1329 2719 1360 2774 ob
1373 2720 1544 2779 innocentibus
1563 2726 1679 2782 atrebatis
1696 2741 1838 2800 reperetur.

1086 2807 1113 2862 8.
1129 2809 1226 2878 Accipe
1240 2811 1422 2884 breuiterque
1432 2817 1573 2873 commissa
1586 2818 1650 2886 sint,
1663 2828 1690 2875 ct
1700 2822 1794 2879 noxios
1803 2824 1846 2879 ab·

1050 2895 1235 2954 innocentibus
1249 2901 1306 2971 ipse
1320 2902 1452 2960 discerno.
1468 2907 1567 2964 crrntra
1581 2912 1778 2969 recentissimas
1799 2915 1842 2972 le-

1049 2998 1097 3055 ges
1111 2984 1147 3058 (a)
1157 3026 1165 3052 ,
1177 2989 1295 3044 calendis
1315 2990 1397 3062 juniis
1410 2995 1476 3050 i'esto
1495 2995 1504 3028 ¹
1519 2997 1682 3067 Pagsnorutn
1708 3003 1842 3075 sacrilega

1049 3076 1205 3132 solemnitas
1218 3080 1314 3150 agitata
1325 3090 1376 3148 est,
1400 3085 1506 3141 nemine
1519 3087 1686 3156 probibente,
1699 3100 1752 3147 mm
1763 3094 1838 3150 iaso-

1050 3166 1112 3222 lenti
1125 3183 1201 3232 ausu,
1214 3179 1242 3224 nt
1251 3171 1322 3241 qnod
1333 3189 1383 3230 nee
1395 3174 1491 3236 tottam
1502 3181 1665 3248 temporibus
1677 3182 1773 3240 lactum
1782 3196 1835 3251 est,

1048 3257 1255 3325 petulantissima
1280 3264 1355 3318 turba
1384 3265 1534 3323 solentium
1557 3270 1583 3324 in
1607 3271 1703 3330 eodem
1726 3289 1840 3344 prorsus

1048 3347 1106 3402 tiro
1119 3359 1181 3404 ante
1191 3349 1262 3408 iores
1275 3355 1399 3412 transiret
1414 3358 1542 3413 ecciesiae.
1557 3360 1641 3427 Quarti
1655 3379 1711 3421 rem
1723 3365 1837 3423 illicitis·

1048 3437 1141 3492 simam
1154 3448 1233 3510 atque
1243 3442 1564 3514 indignissimamclerieis
1577 3452 1717 3520 probibere
1729 3464 1836 3515 tentan-

1048 3527 1128 3594 tibus,
1140 3530 1250 3586 ereiesia
1265 3531 1378 3603 lapidata
1395 3546 1446 3592 est.
1473 3539 1572 3597 iieinde
1589 3550 1649 3611 post
1670 3545 1727 3600 dies
1748 3546 1840 3604 terme

1047 3626 1117 3685 octo,
1129 3633 1189 3674 eum
1200 3621 1271 3691 leges
1284 3624 1435 3682 notissimas
1447 3628 1588 3701 episeopus
1601 3631 1690 3688 ordini
1706 3635 1833 3706 replicas·

1047 3717 1096 3773 set,
1110 3709 1209 3766 etdum
1221 3729 1251 3767 ea
1272 3729 1330 3784 quae
1346 3715 1420 3786 jussa
1433 3728 1505 3786 sunt,
1521 3721 1592 3776 reiut
1614 3723 1724 3793 impiere
1741 3726 1834 3802 dispo·

1046 3806 1121 3863 nunt,
1147 3800 1241 3855 iterum
1259 3804 1370 3859 ecelesia
1393 3806 1504 3876 lapidata
1518 3819 1568 3865 est
1585 3811 1715 3871 Postridie
1734 3818 1834 3872 nostris

1045 3885 1078 3941 ad
1105 3887 1294 3956 imponendum
1320 3893 1430 3961 perditis
1458 3906 1573 3961 nocturn,
1599 3901 1670 3970 quod
1695 3904 1833 3963 ridebatur

1045 3977 1114 4046 apud
1129 3981 1194 4033 licta
1208 3980 1296 4035 dicere
1306 3984 1455 4041 rotantibus
1469 3988 1571 4057 publiea
1580 3990 1641 4059 iura
1653 4002 1744 4063 negata
1756 4005 1830 4051 sunt.

1045 4065 1198 4137 Eodemque
1223 4072 1280 4140 ipso
1300 4071 1352 4138 dic,
1382 4083 1411 4128 ut
1432 4076 1474 4131 rel
1499 4077 1625 4134 divinitus
1650 4090 1835 4153 terrerentur.¹

1044 4155 1145 4226 grando
1158 4158 1362 4227 lapidationibus
1374 4164 1475 4220 redditu
1489 4177 1545 4234 est;
1561 4184 1612 4239 qua
1626 4181 1830 4239 trausactacon·
1879 4208 1883 4212 ·

1045 4245 1119 4300 tirnto
1129 4248 1232 4302 tertiam
1245 4249 1449 4321 lapidationem,
1460 4266 1488 4310 et
1507 4267 1641 4326 postremo
1656 4263 1728 4332 ignes
1740 4267 1828 4323 eccle·

1043 4336 1156 4392 siastieis
1179 4340 1255 4394 tectis
1277 4350 1357 4410 atque
1382 4342 1533 4402 bominibus
1554 4348 1711 4419 ιιιιιιῖιιιιιιις
1744 4369 1828 4413 unum

1042 4441 1178 4483 serrorum
1196 4429 1257 4496 liei,
1273 4431 1318 4500 qui
1338 4432 1466 4490 oberrans
1484 4452 1625 4494 occurrere
1640 4442 1740 4510 potuit,
1760 4448 1830 4502 occi·

1041 4515 1153 4585 derunt,
1173 4521 1277 4575 canteris
1299 4522 1393 4591 partim
1417 4524 1461 4579 ubi
1485 4538 1625 4596 potuerant
1647 4530 1825 4605 latitantibus,

1041 4607 1137 4675 partim
1152 4623 1204 4677 qua
1223 4619 1364 4679 ptrttterant
1378 4612 1548 4684 fugientibus,
1562 4633 1624 4673 eum
1646 4622 1746 4679 interea
1759 4640 1826 4682 cort·

1042 4705 1130 4752 tnurrs
1146 4706 1225 4769 atique
1238 4711 1386 4758 coarctatus
1411 4705 1526 4773 iporiam
1552 4708 1610 4764 loeo
1632 4725 1662 4766 se
1681 4716 1826 4774 occultaret

1040 4786 1195 4858 episeopus,
1210 4789 1254 4844 ubi
1274 4793 1349 4846 send
1371 4804 1484 4849 mortem
1496 4801 1671 4867 querentium
1686 4818 1765 4862 voces
1777 4822 1825 4862 att·

1039 4878 1128 4936 diebat
1145 4880 1249 4952 sibique
1272 4885 1481 4955 increpantium,
1504 4890 1573 4959 rquod
1593 4908 1626 4948 eo
1648 4909 1701 4950 non
1719 4898 1831 4958 invento

1038 4970 1121 5039 gratis
1130 4978 1231 5027 tantum
1242 4983 1436 5043 perpetrassent
1449 4979 1545 5035 accim.
1561 4980 1640 5038 Gesta
1650 4996 1712 5041 sunt
1726 4987 1781 5044 bace
1791 4990 1831 5045 ab

1040 5059 1103 5115 bora
1113 5060 1196 5117 terme
1209 5062 1310 5118 decima
1324 5079 1406 5135 usque
1419 5067 1452 5122 ad
1467 5070 1550 5127 noetis
1564 5082 1665 5141 partem
1678 5091 1730 5132 non
1743 5078 1823 5134 mitti·

1038 5163 1119 5203 ruam.
1136 5149 1219 5205 Nemo
1232 5167 1411 5222 composcere,
1423 5172 1502 5212 uerno
1515 5159 1656 5218 subvenire
1668 5168 1778 5223 tentarit
1791 5169 1822 5224 ii·

1038 5238 1125 5299 iorum.
1137 5280 1144 5306 ,
1157 5256 1269 5310 quorum
1283 5258 1343 5300 esse
1354 5247 1546 5320 gravis-posset
1558 5255 1712 5324 auctoritas,
1726 5268 1824 5328 praeter

1069 5413 1146 5464 ¹tta
1160 5427 1215 5475 sex,
1230 5416 1297 5477 sata
1312 5425 1361 5466 arn.
1374 5418 1428 5468 sari.
1441 5427 1467 5470 et
1484 5427 1623 5483 er.‚reato.

1066 5493 1432 5604 (nlnntttgtttegemttonorii,
1508 5505 1545 5554 nis
1556 5507 1748 5567 prohibentem«
1754 5515 1823 5578 quid-

1039 5569 1132 5606 «nam
1147 5558 1350 5620 solemnitatisag
1353 5561 1430 5621 itare;
1442 5579 1453 5609 ι
1483 5570 1639 5620 nasturtio
1659 5570 1689 5621 Ξι
1706 5527 1822 5636 torqui.

1038 5618 1049 5667 t
1082 5619 1350 5682 ,justaqptodtn
1335 5596 1402 5671 ‘stad
1415 5626 1521 5695 qmagid
