3906 6390
103 271 150 333 tibi

103 350 243 441 carrubium
258 392 291 430 au
313 373 440 436 euadendi
461 372 503 428 uel
522 367 693 427 srtbteuiendi
714 368 887 433 necessitate,

104 470 171 527 sicut
192 468 350 524 interimitur
373 466 440 521 latro
458 480 473 518 a
490 463 606 528 uiatore,
621 461 705 515 bostis
718 475 733 513 a
748 458 842 514 milite.
857 456 890 512 Et

104 559 244 630 eliqrtaudo
255 559 299 629 qui
314 571 393 614 eausa
406 555 499 610 mortis
514 552 573 619 brit,
586 552 673 623 potius
692 550 719 605 iu
740 549 818 620 eulpa
830 554 888 614 est,

104 667 182 720 quam
196 651 239 705 ille
248 650 292 720 qui
305 647 417 711 oceidit;
429 645 501 702 reiut
513 645 536 699 si
549 643 688 713 quisquam
701 639 814 710 decipiat
827 637 891 693 bde-

103 744 234 812 jussnrem
248 756 340 806 suum,
351 748 432 809 atque
445 737 490 794 ille
504 752 553 809 pro
566 736 619 791 isto
632 733 788 804 supplicium
800 729 890 802 legiti-

105 849 176 889 mum
189 832 254 888 lutat.
268 832 322 887 liee
334 840 422 886 tamen
435 829 522 884 omanis
534 827 579 899 qui
591 841 670 882 eausa
685 824 778 880 alienae
798 822 892 878 mortis

104 932 155 991 est,
170 938 231 978 reus
242 932 292 979 est.
304 921 372 991 Quid
384 921 406 976 si
420 921 490 976 euim
505 918 642 990 qnisquam
657 925 777 987 stuprum
800 920 890 984 petat,

104 1028 233 1084 seseque,
248 1014 270 1069 si
284 1028 337 1068 oou
351 1009 545 1081 impetraverit,
555 1007 706 1064 interimat?
718 1006 812 1077 quidsi
822 1005 892 1060 lilius

106 1106 201 1158 timens
216 1104 297 1173 patris
315 1103 357 1173 pia
370 1102 491 1168 uerbera,
507 1098 653 1171 praecipitio
666 1097 775 1167 pereat?
786 1095 849 1165 quid
869 1095 892 1151 si

105 1193 173 1247 aiios
186 1191 292 1247 bomine
304 1192 426 1255 liberato,
440 1190 481 1245 uel
494 1204 528 1244 ue
542 1187 610 1243 alius
624 1187 762 1251 liberetur,
775 1185 824 1240 sibi
836 1185 893 1254 ipse

106 1290 218 1336 mortem
241 1278 355 1335 inierat?
367 1278 435 1336 Nutu
454 1286 562 1348 propter
576 1276 640 1333 istas
652 1275 798 1339 alienarum
819 1287 892 1332 utor·

106 1372 171 1424 tium
186 1383 289 1430 causas,
303 1378 349 1426 aot
362 1367 456 1427 sceleri
474 1364 693 1423 consentiendum
707 1371 765 1432 est,
779 1372 824 1418 ant
836 1362 895 1418 riu·

107 1460 175 1527 dieta
190 1458 309 1528 peccati,
322 1474 381 1528 qum
392 1473 446 1513 non
471 1456 500 1510 ut
520 1455 650 1522 oocerrdi,
674 1452 722 1510 sed
745 1450 894 1524 corrigendi

107 1548 209 1615 studio:
219 1549 299 1605 etiam
318 1558 428 1617 patema
447 1547 577 1613 tollenda,
592 1554 637 1601 aut
649 1560 730 1615 opera
744 1544 896 1600 misericor-

107 1638 158 1693 diae
181 1639 327 1694 eolribenda
350 1638 428 1693 sonti
448 1638 509 1693 liae
527 1652 587 1692 enm
609 1636 749 1700 aeciduut,
767 1634 895 1690 debemus

16 1728 21 1735 '
107 1730 146 1785 eis
158 1729 301 1784 bomanum
315 1728 451 1794 dolorem;
466 1744 518 1784 nou
533 1736 639 1799 propter
651 1727 705 1795 illa,
718 1741 753 1782 ne
761 1727 893 1795 accidant,

108 1827 180 1874 recte
194 1818 323 1876 laetorum
338 1817 507 1893 reprimimus
516 1817 690 1874 uolurrtttem.

149 1909 192 1964 tu.
218 1908 262 1964 Sir.
288 1909 368 1963 etiam
396 1924 457 1965 eum
481 1909 667 1964 intercedimus
687 1923 736 1981 pro
759 1918 896 1980 peccatore

108 1989 269 2057 urrinnando,
285 2000 430 2060 sequuntur
442 1990 585 2061 aliquando
598 2006 656 2060 quae
679 1991 819 2057 uolutatus;
833 1993 890 2049 sire

110 2073 136 2125 iu
151 2071 208 2141 ipsu
219 2073 263 2142 qui
278 2080 370 2127 trustra
390 2072 580 2128 lutereessloue
595 2073 731 2139 liberatur,
746 2084 774 2128 nt
788 2074 828 2128 rel
844 2075 896 2130 im·

112 2162 216 2215 manius
236 2161 363 2230 irrtpurtita
382 2173 517 2232 grassetur
529 2161 649 2225 audacia,
665 2161 770 2217 solidita
791 2161 897 2232 eupidi-

111 2252 168 2317 tati,
185 2252 284 2323 ingrata
296 2251 407 2318 lenitati,
423 2258 503 2321 atqtm
521 2265 589 2306 strutus
602 2252 679 2305 morti
692 2262 799 2322 ereptos
815 2251 897 2320 plori-

111 2358 171 2398 ruos
185 2351 278 2410 neeet;
295 2342 337 2398 uel
352 2343 409 2413 ipso
424 2357 472 2413 per
485 2341 641 2398 benedriunt
656 2349 776 2398 nostrum
791 2343 818 2398 iu
839 2357 898 2398 me·

111 2434 163 2489 lius
176 2442 349 2502 contorutato,
365 2435 536 2505 moribusque
548 2443 680 2499 coerceto,
691 2432 759 2490 alios
773 2434 842 2490 male
854 2433 897 2490 ui·

111 2525 198 2580 vendo
216 2533 325 2595 pereat,
346 2525 449 2594 sibique
468 2524 546 2594 banjos
575 2524 731 2594 impunitate
752 2525 897 2596 proposita,

112 2615 228 2669 taliauel
246 2615 365 2686 graviora
387 2615 547 2670 committat.
569 2613 638 2679 Nttn,
660 2624 688 2669 ut
706 2615 817 2685 opinor,
842 2613 900 2670 baec

113 2705 183 2759 maia
199 2704 351 2774 imputanda
366 2713 429 2759 suut
439 2705 525 2771 nobis,
536 2720 596 2760 cuttt
608 2703 799 2760 itata-meditans
813 2702 897 2759 vobis:

112 2795 158 2850 sed
174 2797 262 2865 potins
278 2796 322 2850 illa
339 2796 409 2851 bona
423 2809 491 2865 quae,
512 2809 571 2850 eum
588 2793 613 2848 id
628 2792 751 2860 iacintus,
768 2793 899 2850 irtttteruor

112 2895 139 2941 et
154 2886 290 2951 uolunnrs;
316 2886 398 2942 idest
419 2884 616 2942 commendatio
634 2885 845 2949 mansuetudinis
866 2885 899 2941 ad

112 2980 304 3045 conciliandam
325 2980 493 3035 dilectionem
515 2977 739 3043 retinuerimus,
762 2984 793 3040 et
812 2977 901 3048 utqui

113 3071 260 3125 liberantur
274 3086 288 3123 a
304 3069 442 3139 temporali
458 3077 553 3134 morte,
568 3067 607 3124 sie
620 3068 719 3136 uiuant,
733 3082 767 3123 ne
781 3068 807 3122 in
820 3076 900 3124 mter·

113 3172 185 3227 nom,
199 3159 268 3214 unde
279 3173 412 3228 nottqnam
426 3157 582 3225 liberentur,
596 3157 744 3212 incurrant.

120 3270 122 3279 ·
149 3250 193 3305 ttl.
208 3249 320 3304 Prodest
338 3258 441 3318 ergoet
461 3249 591 3303 serenitas
606 3256 711 3310 vestra,
725 3247 801 3319 erulos
820 3247 901 3304 mini·

116 3339 202 3394 sterio
217 3339 293 3408 quies
305 3337 443 3407 aaljtruatur
454 3345 482 3391 et
493 3345 600 3402 nostra;
615 3336 723 3407 prodest
736 3342 764 3392 et
776 3337 903 3394 interces-

115 3430 156 3484 sio
172 3437 272 3491 nostra,
285 3428 362 3497 cujus
385 3426 535 3482 ruinisterio
554 3427 686 3482 seueritas
699 3436 862 3497 temperatur
875 3438 904 3484 et

115 3526 214 3573 restra.
231 3516 288 3571 Non
300 3516 376 3571 robis
388 3514 528 3586 displiceat
541 3515 612 3585 quod
632 3517 761 3586 rogamini
775 3532 790 3572 a
803 3517 898 3585 bouis;

116 3608 176 3677 qnia
190 3621 239 3661 nee
253 3606 329 3660 bouis
342 3604 466 3674 displicet
479 3603 549 3674 «quod
562 3605 691 3660 timemini
705 3621 720 3661 a
734 3605 819 3663 malis.
835 3606 901 3664 Nam

116 3696 252 3751 bominum
280 3695 449 3761 iniquitatem
470 3700 550 3750 etiam
574 3696 709 3765 apostolus
731 3696 828 3754 Paulos
850 3714 904 3755 nnn

116 3797 217 3844 tontum
229 3788 262 3843 de
280 3785 380 3857 judicio
397 3786 497 3854 littero,
513 3802 604 3843 rerum
624 3788 704 3844 etiam
718 3788 752 3844 de
764 3791 903 3859 praeseuti-

118 3881 167 3936 bns
187 3880 284 3935 uestris
298 3878 436 3936 securibus
450 3879 459 3910 ¹
480 3879 582 3942 terruit,
597 3893 721 3934 asserens
734 3887 763 3936 et
786 3880 858 3951 ipsas
869 3881 902 3937 ad

117 3969 342 4041 dispensationem
356 3967 452 4023 divinae
467 3968 638 4038 providentiae
649 3970 791 4040 pertinere.
804 3969 902 4037 Outnis,

118 4063 212 4132 iuqttit,
236 4062 321 4116 enimn
347 4059 506 4132 potestatibus
526 4058 710 4116 sublimioribus
731 4060 830 4116 subdita
851 4062 905 4118 sit:

117 4162 216 4207 nonest
236 4155 301 4208 ettint
323 4160 442 4222 potestas,
460 4152 537 4206 nisio
556 4150 621 4215 Deo:
634 4167 692 4225 qttoe
709 4161 871 4220 autemeam,
888 4170 906 4207 a

119 4241 172 4296 lieo
185 4244 379 4298 ordinatarum.
393 4242 551 4312 Quapropter
561 4243 605 4313 qui
612 4242 703 4296 resistit
716 4244 841 4313 potestati,
859 4242 907 4298 Del

118 4334 269 4388 ordinationi
276 4333 378 4397 sensuit·
385 4334 432 4402 qui
439 4342 523 4386 nutent
534 4333 660 4398 resistunt,
668 4334 718 4403 ipsi
725 4334 773 4388 sibi
776 4334 904 4406 judicium

118 4426 249 4495 eeqarirnut
257 4441 267 4480 .·
274 4427 398 4496 paucipes
406 4427 470 4480 enirn
479 4434 592 4479 nattsuut
604 4426 686 4478 tirnori
694 4425 752 4481 baral
759 4428 850 4497 aperis,
861 4428 909 4482 sed

120 4516 190 4569 urnii.
205 4514 336 4571 l'isnuteru
345 4534 393 4571 nnn
402 4518 637 4588 timerepetestatent
646 4514 820 4589 ilianumfne,
829 4528 853 4574 et
863 4519 906 4573 bn·

119 4606 185 4662 belis
194 4606 294 4661 laudant
303 4623 334 4661 ex
343 4607 388 4661 ilia
396 4623 405 4663 .·
414 4606 532 4661 Delertint
541 4606 653 4661 ntiuister
668 4619 705 4662 est
715 4608 759 4663 tili
769 4610 794 4663 iu
803 4610 904 4665 bonurn.

122 4697 195 4761 Quod
208 4697 230 4751 si
244 4697 338 4750 malurn
347 4698 445 4767 seceris,
460 4697 538 4761 time:
548 4713 598 4752 nan
609 4699 674 4751 eninr
684 4701 779 4769 suusne
792 4700 906 4771 gladians

121 4795 225 4859 pnrtnt:
244 4786 289 4841 bet
307 4787 373 4841 enim
390 4788 502 4841 ntinlster
521 4795 567 4853 est,
585 4788 677 4843 uindex
695 4790 722 4842 in
739 4790 805 4843 iram
825 4791 907 4861 siqui

120 4880 186 4934 riarde
198 4880 260 4951 agit.
277 4877 386 4949 ideoque
398 4878 543 4932 necessitate
559 4878 651 4934 striditi
663 4887 748 4944 estate,
760 4896 810 4935 non
822 4881 905 4937 solutu

122 4970 307 5041 praeterirem,
319 4969 363 5022 sed
372 4979 396 5022 et
406 4977 508 5040 prngrter
519 4969 707 5023 censcientiam.
726 4967 788 5024 ideo
800 4970 867 5024 eninr
879 4980 903 5025 et

121 5062 212 5116 tribuna
225 5059 349 5130 praestatis
362 5073 372 5114 .·
384 5059 491 5114 ministri
503 5059 569 5113 eninr
585 5058 631 5115 Dei
641 5068 709 5126 surtt,
724 5059 751 5113 in
763 5059 810 5114 bne
822 5061 905 5132 ipsum

122 5159 313 5221 perseuerantes.
331 5150 437 5204 Reddite
451 5150 565 5204 nutribar
586 5148 669 5203 debita
690 5150 755 5204 :eui
773 5151 904 5220 tributum,

123 5247 253 5313 tributum:
266 5246 306 5301 cui
319 5233 435 5318 uectigal}
449 5245 566 5314 sectiqnb
585 5244 625 5298 eui
637 5244 750 5299 dtamen
760 5286 767 5309 ,
779 5245 906 5311 timorem·

123 5335 164 5387 cui
173 5343 302 5404 uenerem,
317 5336 436 5391 bonorem
462 5333 565 5390 Nentini
576 5334 711 5405 quidquam
723 5332 842 5402 debentia,
856 5336 906 5391 niel

157 5535 164 5566 ¹
182 5535 218 5603 sie
227 5547 304 5597 prope
315 5549 399 5606 amnes
409 5544 462 5588 ttss.
477 5545 504 5588 tt
518 5537 574 5587 ialal.
587 5537 692 5598 babent,
709 5538 739 5588 de
755 5539 907 5601 merendae

124 5595 371 5717 walerannum
379 5598 478 5663 terruit,·
486 5600 523 5651 uti
534 5608 561 5651 et
570 5601 749 5664 madnrmqoi
758 5600 830 5663 alulit,
842 5613 905 5666 prn-

695 246 932 308 belsuotsutltt
949 247 1087 309 clussts
1101 254 1148 309 itt.

1673 250 1727 307 6ιῖ

941 375 967 419 ut
977 367 1080 422 andren
1091 366 1203 437 diligetis
1214 365 1301 440 (Ram.
1319 380 1376 434 xrtr,
1393 365 1465 436 1-8).
1484 364 1546 421 liae
1562 365 1639 420 recita
1653 367 1722 432 upa

942 456 1014 522 stoli,
1028 457 1166 511 utilitatem
1180 466 1276 511 uestrae
1286 456 1434 511 seueritatis
1447 454 1598 510 ostendunt.
1613 451 1727 508 l'rniruie

941 547 1010 603 sieut
1025 545 1196 604 dilectionem
1216 547 1282 617 jussi
1305 556 1367 602 suttt
1383 545 1542 601 terrentibus
1561 544 1661 599 debere
1682 541 1726 614 qui

943 639 1047 704 timent,
1063 639 1099 693 ita
1110 637 1281 693 dilectionem
1294 635 1362 709 iussi
1373 645 1436 692 sunt
1451 635 1603 692 timentibus
1617 633 1726 697 debere,

942 729 986 799 qui
999 738 1109 785 terrent.
1125 728 1195 784 Nibil
1212 727 1323 784 nocendi
1343 726 1485 798 eupiditate
1505 725 1559 794 ilat,
1575 725 1622 780 scd
1636 723 1726 779 outu‘a

942 817 1096 875 consulendi
1110 817 1254 882 elutritate3
1269 825 1298 871 et
1319 815 1384 871 nibil
1405 814 1450 871 ilat
1463 815 1471 847 ¹
1484 814 1643 877 immaniter,
1660 812 1694 866 nil
1707 810 1726 865 il

944 909 1131 966 inhumaniter.
1154 909 1191 964 lta
1212 907 1396 964 formidabitur
1419 907 1483 962 ultio
1506 905 1660 976 cognitoris,
1674 904 1726 958 ut·

944 1015 993 1056 nee
1012 997 1196 1056 intercessoris
1212 997 1305 1068 religio
1321 1004 1526 1062 contemnatnn
1545 995 1605 1067 quia
1626 1004 1652 1049 et
1671 994 1726 1065 ple-

944 1089 1042 1146 ctendo
1055 1098 1083 1146 et
1096 1088 1258 1160 ignoscendo
1274 1091 1325 1143 lroe
1339 1086 1425 1142 solnm
1439 1086 1506 1141 bene
1520 1085 1620 1156 agitur,
1633 1093 1660 1139 ot
1676 1084 1733 1137 rita.

945 1177 1080 1234 bominum
1092 1179 1250 1250 corrigatur.
1263 1175 1336 1245 Qrtod
1352 1177 1375 1232 si
1394 1183 1466 1233 unta
1478 1183 1519 1231 est
1531 1174 1689 1245 gervasius
1701 1182 1733 1229 et

945 1268 1151 1340 impleuerant
1165 1268 1388 1340 corrigendmuee
1405 1265 1543 1337 disciplbta
1553 1265 1636 1336 pessit
1649 1263 1729 1335 prod-

945 1373 1019 1425 esse,
1044 1373 1093 1414 nee
1112 1357 1209 1422 reoia;
1237 1356 1352 1413 abttnis
1376 1364 1463 1411 tamen
1486 1354 1631 1410 intentione
1651 1364 1730 1422 atque
1776 1420 1782 1433 ,

945 1448 1105 1506 corradentia
1125 1450 1204 1520 quam
1229 1449 1296 1503 bens
1308 1447 1405 1516 eornit,
1426 1445 1482 1502 sire
1500 1445 1650 1510 seueritate,
1674 1442 1740 1502 sire,

946 1539 1066 1609 lenitate,
1078 1539 1185 1595 unrtnisi
1197 1537 1312 1595 oibeium
1326 1536 1475 1593 dilectionis
1490 1536 1623 1606 lmpletnr.

980 1628 1026 1684 20.
1041 1626 1116 1696 Quod
1129 1637 1218 1682 autem
1232 1627 1257 1680 in
1268 1625 1380 1696 epistola
1395 1632 1438 1681 tua
1451 1624 1580 1695 sequitur,
1596 1623 1638 1678 ubi
1652 1622 1730 1689 elicis,

951 1717 1130 1785 Veruntnune,
1147 1726 1173 1772 ut
1191 1733 1271 1772 ratores
1285 1717 1364 1770 nostri
1381 1723 1454 1783 stetit,
1476 1723 1500 1770 et
1515 1713 1614 1769 sceleris
1632 1730 1731 1784 petram

946 1808 1051 1878 eupiunt
1060 1806 1107 1863 stit
1114 1806 1226 1862 bntrtiues
1240 1805 1361 1871 relaxari,
1374 1813 1398 1860 et
1413 1804 1439 1859 id
1457 1815 1563 1876 propter
1574 1803 1642 1874 quand
1651 1803 1731 1863 accitas

948 1897 1084 1953 adsenseum
1106 1905 1142 1953 est
1161 1895 1308 1969 possidere3
1328 1895 1471 1964 pessimum
1492 1892 1627 1948 bominum
1648 1907 1745 1963 geuue-

948 2004 1151 2054 eommemoras,
1165 1989 1207 2044 cui
1232 1987 1374 2057 qroenitendi
1398 1985 1527 2047 medleina
1550 1987 1657 2046 nurnine
1679 1999 1731 2039 uon

948 2080 1066 2152 prodest.
1079 2078 1107 2136 Si
1120 2080 1191 2135 enim
1207 2095 1249 2135 res
1269 2079 1364 2145 aliena,
1381 2091 1579 2149 propterquam
1593 2085 1730 2148 peceatum

948 2180 1000 2239 est,
1012 2186 1072 2226 eom
1088 2170 1161 2227 reddi
1184 2171 1275 2240 possit,
1290 2185 1342 2224 unu
1359 2169 1487 2236 redditur,
1503 2183 1555 2222 non
1573 2167 1659 2237 agitur
1669 2182 1729 2238 poe·

949 2261 1070 2327 nitentia,
1084 2259 1131 2316 sed
1145 2259 1250 2330 lingitur
1267 2276 1273 2311 :
1287 2257 1309 2313 sl
1323 2267 1411 2314 autem
1425 2259 1553 2313 veraciter
1564 2259 1660 2327 agitur,
1678 2272 1731 2311 nou

950 2349 1098 2407 remittetur
1118 2356 1264 2420 peecatum,
1282 2349 1331 2403 uisi
1350 2349 1504 2403 restituatur
1518 2347 1651 2413 ablatum;
1666 2344 1731 2412 sed,

951 2450 981 2498 ut
992 2441 1059 2506 dixi,
1074 2456 1133 2496 etun
1145 2441 1247 2497 restitui
1264 2447 1359 2509 potest.
1373 2440 1532 2510 Plerumque
1546 2441 1615 2494 enim
1627 2437 1670 2510 qui
1683 2453 1731 2493 au-

951 2531 1013 2601 fert,
1035 2532 1150 2599 amittit;
1175 2532 1232 2588 sire
1249 2531 1314 2587 alios
1335 2530 1457 2600 patiendo
1479 2530 1573 2597 uralos,
1598 2530 1653 2585 sire
1676 2528 1734 2597 ipse

951 2622 1020 2678 male
1033 2621 1156 2687 virendo,
1172 2636 1223 2678 nee
1243 2620 1315 2675 aliud
1338 2619 1417 2675 babet
1439 2620 1508 2675 uude
1523 2620 1652 2675 restituat.
1667 2620 1739 2678 lluiu

951 2720 1024 2768 certe
1037 2726 1088 2767 noo
1109 2725 1251 2782 possennus
1265 2710 1369 2777 dicere,
1394 2708 1484 2764 liedde
1503 2709 1572 2779 qnod
1592 2709 1735 2775 abstulisti,

952 2801 1001 2856 nisi
1012 2815 1072 2859 eom
1084 2816 1144 2864 enm
1158 2800 1255 2858 babere
1267 2798 1400 2859 eredimus
1412 2806 1439 2854 et
1450 2812 1556 2868 negare·
1568 2796 1617 2853 libi
1628 2797 1735 2868 quidem

952 2891 975 2946 sl
987 2891 1090 2962 aliquos
1103 2890 1216 2946 sustinet
1228 2905 1242 2944 s
1256 2897 1393 2960 repetente
1407 2889 1550 2954 eruciatus,
1564 2887 1626 2941 dum
1640 2884 1736 2942 existi·

952 2991 1039 3047 matur
1049 2981 1146 3039 haltere
1158 2982 1229 3054 quod
1248 2981 1495 3050 redderenolens
1515 2980 1655 3051 iniquitns;
1675 2982 1736 3051 quia

952 3075 1001 3131 etsi
1020 3089 1072 3130 non
1086 3082 1127 3129 est
1139 3073 1209 3130 unde
1223 3073 1278 3129 luat
1296 3072 1410 3128 ablatam
1425 3072 1573 3142 pecuniam,
1590 3071 1684 3126 interito
1696 3078 1737 3128 ta.-

953 3182 1014 3223 men
1034 3166 1097 3221 dom
1118 3181 1176 3222 esur
1198 3179 1247 3235 per
1268 3164 1402 3221 molestias
1421 3163 1573 3232 corporales
1596 3161 1738 3219 redhibere

953 3257 1130 3327 compellitor,
1145 3254 1313 3327 peccatique
1327 3253 1396 3309 male
1409 3253 1494 3308 ablata
1509 3260 1559 3317 est,
1575 3265 1666 3320 peenas
1678 3249 1737 3306 luit.

953 3345 1005 3404 Sed
1027 3345 1201 3402 iubumauum
1223 3357 1275 3398 oon
1297 3350 1339 3400 est
1358 3342 1439 3399 etiam
1464 3356 1513 3412 pro
1535 3341 1630 3396 talibus
1655 3341 1738 3395 iuter-

953 3436 1069 3503 cedere,
1090 3444 1212 3507 tanquam
1230 3449 1278 3504 pro
1299 3434 1352 3489 reis
1380 3433 1536 3498 erirninum;
1559 3446 1611 3487 uon
1633 3429 1666 3489 ad
1687 3430 1740 3489 boc

955 3535 984 3582 ot
998 3527 1106 3582 minime
1120 3525 1292 3581 restituantur
1314 3524 1410 3589 aliena,
1433 3523 1480 3583 sed
1502 3538 1535 3577 ue
1550 3522 1643 3577 bostra
1657 3521 1739 3585 bomo

955 3616 1131 3673 inhominem
1150 3614 1252 3683 sentiat,
1280 3614 1324 3670 ille
1346 3614 1547 3685 presertimqui
1569 3612 1623 3682 jam
1636 3612 1740 3673 rrnrisit

955 3707 1070 3778 cuipam,
1083 3706 1130 3762 sed
1143 3705 1236 3778 querit
1249 3704 1408 3775 paceuniam,
1418 3711 1444 3759 et
1462 3703 1484 3759 si
1499 3703 1613 3758 imudari
1633 3704 1747 3773 metuit„

955 3813 1010 3853 uon
1028 3795 1128 3867 expetit
1141 3795 1279 3855 rbtdieari.
1302 3796 1419 3866 benique
1436 3795 1462 3851 io
1483 3794 1577 3854 talibus
1597 3795 1693 3861 nausis,
1714 3796 1753 3873 ιζ

955 3887 1115 3960 persuadere
1128 3886 1290 3958 potuerimus
1304 3899 1350 3942 eos
1363 3899 1410 3956 pro
1423 3884 1518 3956 quibus
1534 3885 1746 3955 intervenimus,

957 3992 1009 4031 ortu
1023 3976 1120 4032 babere
1132 3975 1201 4047 quod
1212 3968 1339 4046 poscitur,
1352 3975 1476 4031 continuo
1489 3975 1565 4031 uobis
1575 3989 1667 4031 eornm
1679 3990 1738 4032 mo

956 4067 1040 4124 lentim
1053 4067 1215 4122 relaxantur.
1224 4060 1376 4135 ¹Aliquando
1395 4074 1483 4121 autem
1504 4064 1689 4120 misericordes
1709 4074 1738 4120 et

957 4159 984 4213 iu
997 4160 1055 4228 ipso
1066 4156 1147 4221 dubio
1160 4155 1252 4212 uolunt
1262 4154 1362 4211 bomini
1375 4169 1423 4226 pro
1434 4153 1533 4210 ineerta
1544 4154 1653 4224 pecunia
1664 4160 1739 4209 certa

957 4247 1057 4310 inferre
1069 4246 1208 4318 supplicia.
1228 4245 1268 4301 bd
1288 4245 1357 4300 bane
1375 4242 1583 4307 misericordiam
1598 4257 1645 4297 uos
1657 4241 1737 4298 etiam

957 4355 1008 4396 ons
1031 4352 1177 4411 prouocare
1203 4346 1230 4394 et
1253 4335 1387 4397 exltortari
1410 4334 1512 4399 decet:
1543 4332 1637 4388 eraclius
1654 4332 1737 4401 enirn,

956 4430 1061 4490 etiamsi
1077 4429 1167 4497 babet,
1182 4426 1292 4495 amittis,
1310 4425 1424 4504 quamsi
1446 4439 1499 4480 oon
1515 4422 1608 4490 babet,
1628 4431 1674 4479 aut
1692 4436 1739 4478 es-

956 4521 1068 4588 eructas,
1081 4527 1127 4576 aot
1136 4518 1245 4574 occidis.
1255 4516 1307 4574 Sed
1320 4530 1369 4589 pro
1381 4517 1438 4572 istis
1456 4514 1540 4586 magis
1553 4514 1621 4586 apud
1633 4529 1680 4570 eos
1692 4512 1739 4585 qui

956 4619 1098 4687 tepetuut,
1112 4624 1190 4683 quam
1209 4607 1278 4679 opud
1291 4622 1339 4665 eos
1360 4607 1404 4678 qui
1423 4605 1558 4677 iudicant,
1574 4600 1750 4659 intercedere.¹

957 4702 1096 4768 eortreoit;
1112 4717 1145 4757 ne
1162 4700 1219 4770 ipse
1237 4698 1357 4760 uideatur
1374 4697 1490 4761 auterre,
1504 4694 1548 4767 qui
1568 4711 1628 4750 eum
1644 4692 1741 4749 babeat

959 4802 1125 4866 potestatem,
1138 4806 1193 4848 oon
1210 4790 1282 4861 eogit
1302 4788 1430 4847 reddere:
1446 4785 1567 4858 quamuis
1581 4785 1607 4840 in
1619 4785 1739 4856 eogeudo

959 4887 995 4941 ita
1007 4881 1242 4950 debentedbibcre
1264 4878 1451 4950 intemitatem,
1468 4885 1496 4932 ut
1518 4890 1552 4932 ne
1573 4875 1675 4930 amittat
1688 4874 1740 4937 bu·¹

958 4976 1121 5039 uastitatem.

993 5067 1039 5122 et.
1056 5062 1122 5121 lllod
1138 5077 1200 5118 uero
1213 5058 1388 5117 ildentissime
1408 5056 1533 5124 dixerim,
1552 5071 1612 5112 eum
1626 5054 1672 5125 qui
1690 5068 1752 5127 pro,

960 5155 1068 5212 bomine
1079 5153 1114 5210 nd
1129 5153 1180 5209 lroe
1198 5150 1340 5209 interreuit
1359 5164 1393 5205 ne
1402 5147 1563 5204 maleablata
1573 5148 1704 5213 restituat,
1713 5155 1742 5202 et

958 5247 1004 5320 qui
1016 5246 1050 5301 ad
1063 5259 1094 5303 se
1104 5243 1311 5315 confugientem,
1325 5249 1452 5314 qnantum
1466 5238 1577 5297 boneste
1596 5247 1693 5309 potest,
1705 5238 1750 5305 ad,

959 5334 1150 5397 restituendum
1165 5349 1217 5389 nou
1239 5333 1384 5404 corruptilit,
1407 5330 1508 5388 socium
1523 5343 1583 5387 esse
1602 5330 1702 5387 fraudis
1714 5339 1744 5387 et

959 5426 1087 5484 criminis.
1109 5423 1176 5481 Nam
1198 5422 1394 5479 misericordius
1408 5436 1487 5492 opem
1508 5421 1744 5479 penetrantibus

993 5602 1001 5634 ι
1018 5609 1070 5651 uss.
1091 5598 1181 5663 aliquot
1191 5600 1287 5669 optimae
1298 5606 1378 5658 note,
1390 5597 1481 5653 etniinl
1487 5598 1528 5668 fiet
1538 5600 1679 5655 irrrrrrnniter.

992 5665 1002 5695 ¹
1017 5670 1083 5724 tou,
1093 5662 1173 5713 sinn.
1185 5659 1299 5725 alritdd,
1311 5668 1336 5713 ιιι
1346 5674 1398 5712 nec.
