3906 6390
156 274 206 331 tlt

156 383 262 441 Galatas
277 402 284 438 r
300 382 436 452 Manifesta
448 392 529 437 ostent
542 390 600 436 sunt
613 398 689 449 opera
701 382 799 444 cornis,
810 395 867 444 qnos
880 386 937 431 sant

157 473 342 542 fornicationes,
355 471 528 539 immunditie,
543 471 659 536 lucarie,
673 468 797 523 idolorum
821 468 935 533 soritas,

155 555 937 630 mateficiudnirnicitice,contentiones,oenrniationes,animosi-

156 659 233 712 tates,
246 649 426 715 dissensiones,
439 648 559 711 hereses,
571 647 685 712 incidite,
694 644 834 706 ιιιιιιιιιιι,
844 657 938 696 convn-

155 737 273 802 ttttiones,
287 745 311 789 ct
328 738 366 792 lris
390 736 501 801 similio,·
512 752 569 803 qno·
580 736 688 804 proedico
703 734 779 801 nobis,
793 735 856 787 sicut
872 747 938 802 prce·

156 825 220 888 diai,
234 824 402 894 qnoniomqai
422 823 485 878 talin
501 834 579 895 uqnnt
598 840 701 893 requam
721 821 768 875 brt
784 838 833 875 non
853 820 936 891 possi·

157 914 248 969 dclrunt
262 913 333 985 (Gai.
346 929 373 982 r,
402 912 455 983 ιι).
464 913 528 968 Post
537 928 595 982 quar
607 913 687 968 rerba
698 912 856 982 interrogavi
869 925 936 979 quo-

158 1002 237 1057 medo
255 1002 288 1057 de
307 1002 392 1058 irucru
411 1002 545 1057 ebrietatis
568 1014 771 1069 aquiesceremur
783 996 935 1063 christiani,

157 1107 223 1161 quos
243 1091 277 1146 de
296 1090 424 1145 fructibus
441 1090 547 1160 agnosci
567 1089 693 1143 Dominus
710 1087 798 1157 jussit.
822 1087 937 1156 hdjrmsi

158 1182 236 1236 etiam
258 1181 397 1251 legendum
418 1179 489 1251 quod
510 1180 637 1248 sequitur,
654 1178 764 1232 Fructus
784 1187 867 1231 orrtcm
882 1176 936 1245 spi·

157 1275 220 1330 ritas
230 1283 266 1329 cst
275 1274 395 1338 charitas,
407 1271 536 1343 qondiuru,
549 1286 609 1339 poe,
624 1270 809 1340 iouqonr'mitos,
825 1268 939 1337 deniqui-

158 1373 206 1430 tcs,
218 1362 325 1430 barritus,
340 1359 593 1431 pdrrmronrnemdo,
607 1360 757 1414 continentie
768 1357 859 1433 (ibid,
869 1354 914 1428 ιι)
928 1372 935 1410 :

159 1454 250 1523 egique
262 1453 493 1509 utconsiderareut
506 1465 584 1520 quam
603 1456 674 1505 esset
687 1447 836 1519 pudendum
859 1455 938 1515 atque

157 1545 357 1615 plangendum,
381 1543 451 1614 quod
477 1542 511 1599 de
533 1542 586 1597 illis
613 1541 742 1597 fructibus
768 1538 855 1594 carnis
883 1551 937 1591 mm

157 1635 242 1690 selum
256 1634 378 1704 privatim
397 1634 494 1698 vivere,
508 1631 555 1687 sed
573 1630 652 1687 etiam
667 1630 793 1686 honorem
812 1627 939 1683 Ecclesiae

155 1723 259 1781 deterre
271 1731 408 1793 cuperent,
421 1732 449 1779 et
466 1723 489 1778 si
506 1730 622 1792 potestas
642 1722 759 1786 daretur,
782 1727 864 1774 totum
884 1726 937 1771 tam

156 1829 257 1884 magnae
270 1814 384 1869 basilicae
399 1814 512 1883 spatium
528 1812 614 1867 turbis
623 1810 783 1880 epulantium
792 1808 924 1863 ebriorum

156 1919 208 1975 qrve
217 1905 379 1973 complerent
391 1919 399 1969 ;
417 1903 450 1959 de
463 1901 643 1972 spiritualibus
653 1908 739 1954 autem
751 1897 889 1961 fructibus,
903 1892 937 1948 ad

156 2009 223 2065 qvvos
234 2003 260 2049 et
272 1994 421 2049 divinarum
432 1992 626 2062 Scripturarum
639 1990 794 2045 auctoritate
804 1994 831 2040 et
841 1982 938 2039 uostris

156 2085 296 2153 gemitibus
308 2085 489 2147 invitarentur,
506 2083 598 2138 nolunt
608 2081 704 2136 atterre
714 2081 768 2135 heo
780 2091 900 2143 nrunera,
910 2083 939 2131 et

158 2171 200 2227 his
211 2172 377 2241 potissimum
388 2172 523 2228 celebrare
533 2169 600 2225 lesta
620 2177 780 2225 sanctorum.

193 2259 221 2314 t.
239 2257 341 2325 Quibus
361 2259 484 2329 peractis,
497 2259 615 2315 codicem
637 2258 749 2325 reddidi,
761 2266 788 2313 et
812 2258 938 2325 imperata

158 2347 291 2414 oratione,
301 2338 428 2419 quantum
441 2348 522 2414 valui,
534 2356 561 2403 et
572 2355 697 2417 qemutum
708 2362 751 2401 me
766 2348 850 2416 ipsum
869 2345 940 2415 peri·

159 2437 248 2492 culum
262 2438 383 2507 urgebat,
397 2447 424 2491 ct
437 2438 507 2491 eires
521 2435 703 2491 administrare
712 2435 837 2488 hominus
847 2433 939 2501 digua·

158 2525 244 2591 batur,
259 2527 383 2581 constitui
396 2527 435 2581 eis
448 2535 509 2580 aute
525 2527 616 2580 oculos
627 2540 767 2579 commuue
782 2522 938 2593 perieulum,

157 2622 184 2668 ct
196 2615 313 2683 ipsorum
326 2616 372 2685 qui
386 2614 462 2669 uobis
476 2613 611 2668 commissi
622 2622 722 2676 esseut,
736 2623 761 2666 ct
772 2610 940 2679 nostrumqui

156 2704 190 2760 de
203 2703 255 2758 illis
267 2704 396 2758 rationem
408 2702 535 2758 reddituri
545 2716 663 2757 essemus
673 2710 806 2771 pastorum
817 2698 938 2769 principi,

157 2809 205 2863 per
215 2793 290 2864 cujus
298 2791 481 2853 humilitatem,
490 2791 606 2861 insignes
612 2790 793 2853 contumelias,
801 2790 901 2858 alapas,
912 2796 941 2842 et

157 2891 234 2953 sputa
256 2883 283 2937 iu
298 2882 400 2949 taciem,
415 2889 443 2938 et
460 2881 571 2953 palmas,
587 2888 613 2936 et
625 2880 743 2951 spineam
757 2894 892 2943 coronam,
913 2887 941 2933 ot

156 2987 262 3027 cmcem
278 2987 310 3027 ac
323 2972 477 3042 sanquinem
498 2970 645 3037 obsecravi,
662 2980 691 3025 ut
704 2970 726 3024 si
736 2986 765 3025 se
780 2970 830 3039 ipsi
841 2968 940 3038 aliquid

157 3059 345 3130 ardendissent,
360 3060 402 3115 vel
424 3060 507 3114 uestri
532 3060 730 3125 misererentur,
754 3069 781 3115 et
794 3059 941 3127 cnqtnrem

157 3149 312 3209 venerabilis
324 3148 395 3207 senis
409 3148 506 3205 llalerii
518 3149 587 3203 circe
600 3163 642 3205 me
653 3148 811 3203 ineffabilem
824 3147 939 3201 charim-

157 3246 219 3303 tem,
232 3238 277 3307 qui
288 3237 353 3299 milri
367 3238 496 3295 tractandi
511 3239 589 3294 rerba
605 3240 722 3294 veritatis
737 3250 789 3292 tam
810 3237 940 3306 pericula·
965 3274 969 3281 -

157 3343 214 3383 sam
229 3343 298 3383 arvus
309 3343 362 3391 nott
374 3328 500 3384 dubitarit
511 3338 619 3398 propter
630 3344 677 3385 eos
686 3328 832 3397 imponere,
848 3328 940 3395 ciscme

157 3433 228 3489 saepe
249 3420 345 3479 dixerit
356 3420 426 3488 quod
442 3420 576 3475 orationes
586 3419 644 3487 ejus
655 3419 786 3473 erundum
803 3429 893 3473 essem
905 3417 942 3471 de

158 3509 392 3575 susurronum
405 3524 472 3578 quos
486 3524 537 3563 nou
551 3506 680 3575 utiquead
690 3520 857 3561 communem
870 3520 941 3558 mor·

157 3607 211 3655 tem
216 3600 258 3655 vel
265 3599 443 3669 spectaculum
452 3597 544 3652 mortis
552 3597 667 3662 illorum,
675 3596 721 3650 sed
732 3596 765 3649 ad
774 3609 939 3649 communem

157 3689 319 3743 coustumia
332 3683 458 3743 mennam
478 3686 557 3741 vitam
572 3685 604 3740 ad
619 3686 761 3747 sevenisse
773 3684 876 3738 letatus
887 3692 937 3738 est.

157 3777 295 3832 Postremo
308 3777 387 3831 etiam
402 3775 456 3830 dixi
465 3783 565 3830 certum
575 3789 635 3829 esse
646 3789 697 3841 me,
708 3782 734 3829 ct
748 3773 828 3835 ludere
842 3773 867 3825 in
878 3788 939 3827 eum
969 3814 973 3821 .

157 3868 202 3938 qui
217 3868 322 3923 mentiri
338 3867 432 3934 nescit,
444 3866 489 3936 qui
501 3880 547 3936 per
563 3880 593 3921 os
607 3864 741 3934 prophetae
753 3864 793 3918 sui
809 3863 939 3931 pollicitus

159 3967 200 4012 est
212 3957 246 4012 de
259 3957 370 4012 Domino
383 3966 474 4011 nostro
490 3955 553 4013 lesu
562 3954 666 4011 Christe
675 3955 777 4020 diceus,
793 3954 822 4008 Si
835 3954 940 4022 relique-

158 4049 209 4101 rint
222 4048 269 4118 filit
287 4049 341 4117 ejus
357 4048 435 4119 lcqem
457 4064 548 4111 meorn,
573 4056 594 4101 et
613 4048 640 4100 in
663 4045 791 4116 proeccptir
811 4046 871 4099 meis
889 4060 940 4098 non

159 4138 345 4200 mrrlrnioeccr'ut,
359 4140 380 4191 si
392 4136 581 4207 iustificationes
597 4153 664 4191 nrcna
677 4135 940 4206 prosorruocrineeisi·

160 4229 216 4282 taio
232 4229 258 4281 in
268 4229 338 4298 uirqu
350 4230 464 4295 sncirroro
476 4243 569 4285 conant,
590 4236 613 4280 et
627 4227 653 4279 in
666 4226 772 4297 {ioqellis
788 4224 877 4279 delicto
898 4241 941 4279 eo·

159 4335 231 4383 rnm‚·
242 4319 435 4373 irrisericurdium
446 4327 528 4371 oeten
541 4334 622 4371 nreom
641 4333 691 4371 non
703 4319 818 4387 auferens
828 4315 938 4384 (Psalm.

161 4422 294 4474 cxxxvm,
308 4404 402 4475 etet)
416 4425 423 4461 ι
437 4406 463 4461 in
473 4421 654 4475 eumergome
666 4404 758 4471 fidere,
768 4404 838 4474 quud
849 4404 871 4458 si
883 4403 941 4461 haee

159 4504 231 4551 tauta
242 4497 357 4566 quesibi
368 4504 457 4551 esseut
467 4496 531 4550 lecta
542 4504 568 4550 et
578 4495 645 4549 dicta
656 4502 865 4561 contemnerent,
879 4496 942 4550 visi·

160 4592 261 4640 taturus
272 4593 342 4641 esset
353 4584 380 4639 in
391 4585 462 4654 virga
472 4592 499 4639 et
507 4584 533 4638 iu
549 4583 661 4653 ssagellu,
672 4598 720 4639 nec
734 4599 781 4639 eos
796 4585 941 4653 pervnissu-

159 4689 205 4730 rus
216 4690 276 4730 cum
291 4675 342 4731 boc
352 4673 450 4730 mundo
464 4673 592 4728 damnari.
605 4673 631 4726 lu
643 4689 694 4743 qua
704 4674 892 4743 conquestione
903 4674 943 4729 sic

160 4772 259 4830 actum,
268 4774 297 4820 ut
309 4779 357 4835 pro
366 4763 464 4834 negotii
473 4771 552 4832 atque
559 4763 665 4831 periculi
680 4763 859 4833 magnitudine
872 4771 943 4820 tutor

160 4865 188 4910 et
197 4855 356 4925 gubernator
366 4864 455 4909 noster
466 4852 569 4908 arsimus
582 4853 785 4923 facultatemque
799 4854 940 4922 praebebat.

160 4945 218 5001 Non
229 4961 279 5017 eqo
291 4947 396 5001 illorum
417 4945 546 5016 lacrymas
560 4945 626 4998 meis
650 4944 772 5014 lacrymis
796 4943 881 5007 movi;
895 4943 942 4997 sed

161 5051 221 5089 cum
235 5036 295 5091 talia
312 5035 480 5100 dicerentur,
494 5034 586 5097 lateer,
600 5048 693 5089 sexum
707 5033 770 5089 lletu
791 5041 943 5105 praeventus

162 5139 249 5180 arreum
263 5125 396 5179 abstinere
408 5139 459 5178 non
471 5124 551 5193 potui.
564 5123 667 5178 Etcum
680 5122 733 5192 jam
747 5124 846 5193 pariter
856 5122 944 5181 deris-

161 5226 261 5278 semus,
273 5212 424 5282 plenissima
439 5227 486 5281 spe
495 5212 667 5267 correctionis
680 5212 794 5277 illorum,
813 5212 872 5267 linis
882 5228 937 5268 scr·

161 5302 248 5356 monis
260 5303 310 5356 mei
333 5301 415 5355 lactus
428 5310 478 5356 est.

198 5389 224 5442 8.
244 5389 372 5444 Postridie
385 5388 422 5459 (ιι)
436 5405 509 5456 vcro,
524 5405 583 5444 cum
599 5390 725 5451 illusisset
739 5391 783 5447 die
817 5395 858 5446 cui
875 5394 944 5449 sde-

195 5576 232 5640 ta)
242 5583 328 5627 crater
340 5580 409 5629 marn
420 5576 504 5629 natahs
513 5585 535 5627 s.
548 5580 636 5632 Leontii
647 5579 838 5643 sotammtatem,
853 5594 908 5644 qne
919 5583 943 5634 ln

754 267 991 328 ersstotaltblt
1008 267 1127 325 cussis
1145 268 1166 325 ι.

1714 282 1776 343 iit

991 377 1053 432 baut
1065 378 1153 434 lauces
1161 388 1317 450 ventresque
1326 394 1355 437 se
1364 396 1467 452 parare,
1479 386 1614 443 nantinus·
1627 388 1691 444 mlbi
1704 406 1769 445 uon·

990 467 1086 531 nullos,
1099 482 1192 523 eorum
1206 470 1285 523 etlam
1302 470 1347 539 qui
1359 475 1474 528 sermoni
1484 474 1604 541 aderant,
1622 477 1769 537 nouduma

990 556 1198 611 murmuratione
1207 570 1335 624 cessasse,
1346 568 1500 634 tantumque
1519 564 1546 619 in
1562 565 1602 621 els
1614 566 1704 622 valere
1716 568 1769 623 rim

990 644 1111 713 pessima·
1125 646 1332 713 consuetudinis,
1349 658 1377 704 ut
1384 650 1443 720 ejus
1452 660 1551 708 tantum
1562 669 1626 710 veee
1633 664 1772 713 uterentur
1839 664 1842 671 '

989 739 1017 785 et
1030 730 1163 787 dicerent:
1183 731 1270 799 Quare
1282 735 1380 790 vvredni
1401 737 1459 794 Non
1473 743 1555 808 cuim,
1568 751 1643 799 autea
1654 744 1699 814 qui
1714 745 1772 811 hae

990 834 1043 874 ιιοιι
1059 820 1260 890 prohibuerunt,
1282 823 1418 879 christiani
1432 842 1483 882 neu
1497 837 1582 884 eraut.
1596 829 1656 896 Quo
1667 831 1767 897 audito,

991 924 1057 979 quas
1066 911 1180 980 majores
1187 913 1370 968 commovendi
1380 930 1428 970 eos
1437 917 1573 972 machinas
1582 934 1772 989 prepararem,

990 998 1099 1063 ornrriuq
1120 998 1292 1057 nesciebam:
1307 1000 1479 1072 disponebam
1498 1013 1597 1069 maren,
1614 1008 1636 1061 si
1649 1024 1771 1077 perseve-

990 1091 1100 1145 randum
1114 1100 1251 1159 putarent,
1264 1092 1334 1149 lecto
1348 1094 1393 1149 illo
1411 1094 1470 1151 loeo
1493 1095 1527 1151 de
1553 1096 1678 1166 propbeta
1705 1098 1772 1155 llae-

991 1180 1087 1243 elviele,
1099 1180 1257 1250 Euplorater
1267 1182 1428 1251 absolvitur,
1439 1184 1462 1238 si
1475 1185 1619 1255 periculum
1633 1186 1772 1243 denuntia·

990 1268 1067 1332 verit,
1076 1268 1180 1324 etiamsi
1193 1270 1228 1323 illi
1237 1270 1331 1339 quibus
1341 1271 1520 1337 denuntiatur,
1536 1288 1629 1329 carere
1641 1274 1773 1331 noluerint

991 1358 1096 1429 (Erech
1118 1375 1213 1426 xxxvu,
1229 1360 1273 1432 9),
1295 1362 1452 1417 vestimenta
1480 1379 1539 1419 mea
1557 1373 1681 1420 excutere
1693 1374 1773 1435 atque

991 1449 1135 1509 discedere.
1150 1452 1216 1505 Tuvu
1229 1466 1293 1508 vero
1305 1453 1432 1507 Dominus
1444 1455 1559 1509 ostendit
1573 1455 1643 1525 quod
1654 1471 1703 1512 nos
1717 1471 1775 1513 arou

989 1538 1105 1606 deserat,
1115 1550 1143 1595 et
1155 1540 1250 1610 quibus
1264 1540 1350 1595 aredis
1365 1542 1390 1596 iu
1404 1558 1434 1597 se
1449 1552 1476 1597 ut
1484 1559 1674 1612 praesumamus
1681 1545 1771 1602 herte-

991 1637 1033 1684 tur
1047 1647 1055 1683 ε
1069 1646 1181 1699 namque
1194 1638 1256 1685 ante
1268 1632 1361 1686 boram
1380 1647 1431 1700 qua
1452 1632 1596 1688 exhedram
1612 1634 1771 1691 ascendere-

990 1733 1060 1783 mus,
1079 1720 1189 1789 iuqressi
1203 1729 1266 1775 suut
1280 1719 1313 1775 ad
1327 1735 1370 1775 me
1392 1720 1470 1777 iidem
1485 1721 1534 1790 ipsi
1551 1735 1618 1791 quos
1637 1721 1771 1777 audieram

990 1807 1024 1863 de
1037 1810 1230 1878 oppugnatione
1239 1817 1349 1865 vetustae
1360 1810 1557 1866 consuetudinis
1567 1809 1648 1867 luisse
1656 1825 1773 1882 conqua-

989 1905 1061 1963 stos;
1081 1911 1147 1966 quos
1157 1897 1252 1953 blande
1262 1908 1394 1966 acceptos,
1408 1899 1498 1967 paucis
1508 1899 1596 1954 verbis
1616 1900 1644 1955 ln
1660 1910 1771 1957 seaten·
1824 1906 1828 1912 '

991 1985 1053 2039 tiam
1064 2000 1155 2040 sanam
1164 1986 1285 2042 transtuli
1297 2002 1305 2054 ;
1321 1996 1399 2056 atque
1421 1988 1467 2042 ubi
1477 1996 1585 2043 rentum
1604 1989 1690 2045 estad
1701 1998 1771 2045 tenx-

990 2077 1770 2148 pusdisputatieuis,embsalectinuequampraeparaveram,

989 2168 1050 2236 quia
1061 2167 1207 2223 necessaria
1220 2167 1275 2238 jam
1287 2182 1340 2221 uon
1349 2166 1498 2233 videbatur,
1512 2167 1546 2223 dc
1560 2168 1609 2222 hae
1621 2168 1678 2237 ipsa
1697 2186 1771 2236 quru-

990 2256 1077 2312 stiooe
1090 2270 1172 2325 panca
1184 2255 1305 2321 disserui,
1315 2255 1379 2311 nihil
1394 2270 1442 2311 vaes
1453 2271 1501 2311 nec
1512 2256 1618 2312 brevius
1629 2260 1780 2314 neoterius.

992 2358 1069 2413 posse
1082 2344 1177 2400 adesce
1194 2343 1321 2400 adversus
1331 2359 1378 2400 eos
1392 2345 1436 2415 qui
1448 2345 1554 2412 dicum,
1573 2345 1662 2412 Quare
1677 2346 1784 2402 medol-
1848 2340 1852 2347 '

992 2432 1041 2487 uisi
1056 2441 1083 2488 et
1093 2448 1142 2487 nos
1155 2432 1283 2501 dicamus,
1299 2433 1347 2489 Vel
1359 2434 1449 2489 modo.

1027 2522 1054 2577 9.
1077 2522 1260 2578 Verumtamen
1275 2524 1366 2591 neilli,
1382 2524 1497 2593 quiante
1509 2534 1622 2580 nosmm
1634 2524 1772 2582 mauileata

993 2613 1121 2681 irnperiue
1144 2613 1318 2669 multitudiuis
1338 2615 1448 2670 erimina
1472 2616 1513 2671 vel
1532 2617 1708 2685 pcrxrriserunt
1730 2616 1774 2673 rel

992 2701 1132 2770 prohibere
1145 2717 1197 2757 non
1211 2703 1268 2757 ausi
1289 2712 1360 2769 sunt,
1377 2704 1490 2775 aliquaa
1509 2705 1585 2760 nobis
1599 2705 1668 2761 allici
1679 2713 1774 2761 contu-

992 2790 1238 2859 meliariderentur,
1253 2793 1363 2862 exposui
1377 2793 1416 2849 eis
1432 2808 1484 2863 qua
1504 2793 1661 2849 necessitate
1680 2794 1728 2849 ista
1745 2794 1777 2853 ιιι

992 2881 1110 2937 Ecclesia
1122 2883 1273 2938 riderentur
1282 2892 1373 2940 exorta
1386 2883 1425 2957 (ιι)
1439 2903 1447 2941 r
1461 2887 1560 2942 scilicet
1574 2895 1634 2956 pest
1648 2901 1772 2955 persecue

992 2972 1077 3027 tiones
1099 2981 1152 3026 tam
1166 2973 1279 3039 multas,
1292 2981 1399 3044 tamque
1423 2974 1612 3039 vehementes,
1630 2989 1690 3029 cura
1705 2974 1772 3031 lacta

992 3075 1066 3129 pace,
1083 3061 1166 3114 turbe
1180 3060 1324 3115 Gentilium
1339 3062 1365 3115 iu
1385 3061 1556 3117 christianum
1571 3076 1669 3117 neuneu
1683 3063 1774 3119 venire
1817 3106 1822 3113 .

991 3148 1128 3216 cupientes
1138 3147 1187 3203 bec
1197 3148 1395 3217 impedirentur,
1407 3150 1477 3220 quod
1489 3149 1633 3205 dieslestos
1645 3165 1704 3205 cum
1718 3151 1775 3206 idu-

992 3237 1024 3291 lis
1038 3238 1093 3291 suis
1105 3238 1221 3293 solerent
1234 3238 1260 3292 in
1282 3239 1441 3294 abundantia
1454 3239 1590 3310 epularum
1607 3248 1634 3293 et
1647 3239 1775 3295 ebrietate

992 3340 1159 3391 consumere,
1173 3342 1222 3381 uec
1237 3328 1312 3382 lercile
1325 3328 1359 3382 ab
1379 3328 1420 3384 his
1434 3329 1664 3398 perniciosissimis
1674 3338 1702 3383 et
1721 3337 1774 3384 tarn

992 3416 1178 3469 vetustissimis
1188 3414 1518 3484 voluptatibusseposscm
1529 3414 1672 3477 abstinere,
1688 3416 1773 3471 visum

992 3500 1073 3556 luisse
1096 3502 1239 3572 majoribus
1259 3503 1377 3570 nostris,
1403 3513 1433 3557 ut
1452 3503 1514 3559 lruie
1535 3502 1692 3558 infirmitatis
1706 3506 1774 3573 paru

992 3591 1097 3645 iuterim
1108 3599 1271 3659 parceretur,
1283 3591 1391 3661 diesque
1404 3591 1496 3657 testes,
1512 3599 1572 3661 post
1590 3606 1638 3647 cos
1649 3607 1715 3662 quus
1728 3608 1774 3648 re·

993 3680 1155 3749 linquebant,
1178 3681 1244 3735 alios
1257 3680 1283 3734 iu
1304 3679 1432 3736 bonorem
1455 3690 1606 3736 sacraturum
1628 3690 1775 3753 martyrum

992 3771 1034 3826 vel
1050 3787 1103 3826 riou
1114 3771 1192 3826 simili
1204 3772 1352 3841 sacrilegio,
1363 3772 1482 3841 quamvis
1495 3771 1574 3826 simili
1584 3772 1646 3826 luxu
1656 3772 1777 3827 celebro·

992 3870 1083 3916 rentur
1097 3861 1273 3931 :jarnctrrisrt
1286 3860 1393 3915 neruine
1402 3860 1541 3930 colligatis,
1554 3870 1582 3917 et
1594 3869 1674 3916 tante
1683 3870 1776 3917 aumo-

993 3951 1076 4006 rivalis
1087 3951 1151 4020 jugo
1161 3950 1272 4005 subditis
1286 3951 1409 4006 salutaria
1421 3952 1570 4007 sobrietatis
1581 3960 1710 4021 praecepta
1721 3962 1776 4007 tra·

992 4038 1128 4105 durentur,
1153 4039 1248 4109 quibus
1259 4040 1313 4109 jam
1329 4050 1436 4110 propter
1456 4042 1632 4111 preacipieutis
1646 4041 1779 4102 honorem

993 4146 1025 4186 ae
1038 4132 1158 4186 tiumrem
1173 4131 1355 4187 resisterenon
1367 4131 1499 4195 valereut;
1511 4133 1632 4202 quocirca
1639 4132 1695 4202 jam
1708 4144 1779 4191 teru·.

992 4272 1078 4310 mense
1089 4258 1224 4317 februario,
1235 4260 1288 4309 slve
1303 4266 1357 4322 post
1366 4260 1430 4310 diem
1441 4260 1631 4323 eammgcstmae
1642 4274 1713 4324 supra
1724 4278 1748 4311 n.
1760 4265 1777 4313 ι

992 4320 1045 4370 desc
1092 4328 1144 4371 urm
1158 4322 1268 4382 proxime
1279 4322 1419 4369 occurrebat
1430 4322 1475 4369 buc
1485 4334 1547 4370 manu
1556 4322 1615 4381 abii,
1626 4336 1675 4383 quo
1689 4325 1776 4374 Pascha

993 4381 1018 4429 iu
1068 4382 1146 4430 martii
1154 4381 1248 4440 incidit;
1257 4379 1332 4430 altera
1343 4379 1440 4430 celebra
1457 4389 1511 4431 atur
1522 4384 1584 4431 circa
1595 4388 1682 4431 testum
1690 4393 1777 4435 lscms-

992 4441 1074 4500 sionls,
1086 4442 1122 4490 uti
1134 4441 1210 4504 liquet
1225 4454 1256 4490 ex
1268 4448 1383 4490 sernmne
1395 4442 1425 4489 le
1434 4443 1466 4491 de
1481 4443 1570 4491 diuers.
1586 4442 1668 4493 hablto
1684 4458 1715 4495 ee
1725 4444 1775 4502 dle,

992 4502 1034 4564 qui
1052 4503 1197 4551 ascensione
1212 4501 1316 4559 numiui,
1334 4509 1360 4551 et
1378 4502 1453 4563 ipsius
1467 4503 1557 4553 Leonbi
1573 4503 1725 4577 depositione
1738 4518 1777 4556 su·

1597 4625 1612 4675 d
1672 4564 1799 4675 desit

993 4558 1081 4612 lemeis
1092 4567 1152 4611 erat.
1163 4570 1300 4631 Quanquam
1310 4574 1381 4623 supra
1392 4576 1416 4632 ιι.
1429 4563 1572 4633 {suspicari
1584 4565 1640 4673 quis

993 4622 1099 4683 gendum
1111 4634 1180 4680 esse,
1193 4622 1244 4671 daca
1254 4621 1436 4686 quodroqcsrmu
1446 4620 1576 4683 elusisset,

993 4682 1113 4731 censoriis
1124 4695 1131 4731 :
1144 4683 1249 4733 maxime
1259 4682 1316 4743 quia
1326 4684 1444 4737 maniciis
1452 4690 1479 4735 et
1488 4686 1714 4745 compotationibus,

993 4741 1040 4813 bus
1060 4754 1118 4813 sese
1132 4742 1225 4813 dedere
1240 4741 1352 4793 catholici
1366 4745 1508 4804 cupiebant,
1536 4746 1656 4807 albusque
1671 4689 1778 4799 sufflo

993 4800 1034 4851 dre
1041 4801 1119 4873 dedita
1130 4808 1257 4873 beaatxstse
1268 4802 1366 4851 luerunt
1372 4838 1381 4875 ‚
1393 4815 1510 4866 numquam
1519 4757 1564 4861 (inc
1575 4805 1660 4867 ieiunii
1675 4807 1778 4869 quadra..

994 4860 1116 4923 gesrmalts
1125 4861 1270 4924 religionem
1280 4868 1426 4924 angustans
1434 4872 1552 4925 opposuit,

1026 4921 1132 4983 (o)lxanc
1142 4921 1216 4983 ipsam
1226 4922 1361 4971 obcausam
1370 4925 1498 4983 Gregorius
1507 4924 1704 4986 l‘lramuaturgus,
1713 4931 1777 4977 teste

995 4981 1053 5030 vitae
1067 4980 1142 5041 lpsius
1152 4981 1268 5041 serbtore
1283 4982 1396 5044 Gregorio
1406 4990 1522 5045 brascam,
1534 4985 1649 5035 institutis
1665 4987 1689 5034 in
1704 4987 1780 5037 boam

993 5052 1047 5088 rem
1058 5048 1192 5090 sanctorum
1208 5049 1338 5104 mamyrum
1347 5042 1435 5091 diebus
1449 5042 1518 5093 hstis
1527 5043 1636 5103 indulsit,
1648 5052 1675 5095 ιιι
1684 5057 1742 5096 sese
1751 5048 1778 5099 ln

995 5100 1025 5149 lis
1034 5099 1120 5157 fideles
1131 5100 1301 5151 exhilararent.
1310 5101 1398 5153 Eodem
1408 5102 1506 5152 oonsilio
1515 5104 1631 5154 adductus
1641 5112 1680 5154 est
1689 5112 1778 5169 aego-

995 5161 1064 5232 riusl
1075 5174 1149 5223 papa,
1159 5170 1187 5215 ut
1197 5162 1249 5232 bec
1263 5162 1294 5219 ln,
1300 5162 1341 5212 lib.
1353 5163 1382 5222 ll,
1396 5162 1466 5225 epist.
1478 5165 1522 5224 ll,
1533 5161 1621 5236 ltcllito
1635 5166 1715 5216 abbatl
1729 5170 1779 5242 bri,
1822 5218 1825 5223 ,

995 5224 1779 5357 rsemceemmmuue,secueram

1000 5359 1010 5387 c
1021 5343 1053 5392 de
1063 5356 1092 5391 re
1102 5341 1181 5407 abqua
1191 5344 1330 5394 solemmtas
1341 5344 1472 5405 immutari,
1484 5353 1512 5395 ut
1521 5344 1562 5395 dle
1571 5346 1728 5399 dedicationis
1737 5351 1779 5401 ecl

999 5402 1134 5454 «nonlitils
1148 5413 1283 5455 saneturmn
1300 5412 1466 5468 inuasurum...
1478 5404 1524 5455 reli
1550 5407 1599 5456 usis
1612 5410 1727 5461 conviviis
1739 5422 1779 5460 se·
1796 5444 1799 5449 -

1000 5460 1170 5532 clemnitatcm
1182 5464 1347 5515 celebrem...
1360 5470 1453 5515 utduus
1465 5466 1503 5517 eis
1536 5467 1591 5529 iqua
1603 5472 1710 5522 exterius
1751 5486 1778 5523 ιι-

999 5523 1059 5632 ιιιιαιΙ
1074 5533 1243 5634 efferrentur,
1260 5524 1289 5575 ad
1305 5526 1419 5578 interiora
1434 5528 1520 5591 gaudia
1535 5532 1673 5583 cernentire
1688 5534 1723 5584 tac
1743 5535 1779 5595 ἰη

1000 5596 1035 5633 ιι
1060 5595 1105 5635 ean
1118 5600 1147 5631 ‚a
